<ENVELOPE>
 <HEADER>
  <VERSION>1</VERSION>
  <STATUS>1</STATUS>
 </HEADER>
 <BODY>
  <DESC>
   <STATICVARIABLES>
    <SVCURRENTCOMPANY>Test1 Company</SVCURRENTCOMPANY>
   </STATICVARIABLES>
  </DESC>
  <DATA>
   <TALLYMESSAGE xmlns:UDF="TallyUDF">
    <VOUCHER REMOTEID="633426aa-4555-40a9-86ba-f65dada0bc63-00000195" VCHKEY="633426aa-4555-40a9-86ba-f65dada0bc63-0000aa23:00000060" VCHTYPE="Purchase" ACTION="Create" OBJVIEW="Accounting Voucher View">
     <OLDAUDITENTRYIDS.LIST TYPE="Number">
      <OLDAUDITENTRYIDS>-1</OLDAUDITENTRYIDS>
     </OLDAUDITENTRYIDS.LIST>
     <ACTIVETO/>
     <ALTEREDON/>
     <DATE>20190401</DATE>
     <LUTDATEOFISSUE/>
     <LUTEXPIRYDATE/>
     <BONDDATEOFISSUE/>
     <BONDEXPIRYDATE/>
     <TAXCHEQUEDATE/>
     <TAXCHALLANDATE/>
     <RECONCILATIONDATE/>
     <FORM16ISSUEDATE/>
     <CSTFORMISSUEDATE/>
     <CSTFORMRECVDATE/>
     <CERTIFICATEDATE/>
     <FBTFROMDATE/>
     <FBTTODATE/>
     <RETURNINVOICEDATE/>
     <AGGREMENTORDERDATE/>
     <GOODSRCPTDATE/>
     <BILLOFENTRYDATE/>
     <LORRYRECPTDATE/>
     <TRANSSALELANDINGDATE/>
     <TRANSBUYERLANDINGDATE/>
     <CREDITLETTERDATE/>
     <AIRWAYBILLDATE/>
     <SHIPPINGBILLDATE/>
     <VATORDERDATE/>
     <INVDELIVERYDATE/>
     <REFERENCEDATE/>
     <BILLOFLADINGDATE/>
     <VATDEPOSITDATE/>
     <VATDOCUMENTDATE/>
     <VATCHALLANDATE/>
     <ECDATE/>
     <VATTDSDATE/>
     <VATPARTYTRANSRETURNDATE/>
     <ADJFROMDATE/>
     <ADJTODATE/>
     <VATDDCHEQUEDATE/>
     <TAXPAYPERIODFROMDATE/>
     <TAXPAYPERIODTODATE/>
     <STTAXCHALLANDATE/>
     <GSTCHALLANDATE/>
     <GSTCHALLANEXPIRYDATE/>
     <ADJPARTYINVOICEDATE/>
     <ADJPARTYPAYMENTDATE/>
     <PARTYORDERDATE/>
     <ADVANCERECEIPTDATE/>
     <REFUNDVOUCHERDATE/>
     <VATSUBMISSIONDATE/>
     <PARTYINVDATE/>
     <INSPDOCDATE/>
     <VATCANCINVDATE/>
     <VATGOODSRECEIPTDATE/>
     <VATCSTE1DATE/>
     <DISPATCHDATE/>
     <AUDITEDON/>
     <GUID>633426aa-4555-40a9-86ba-f65dada0bc63-00000195</GUID>
     <STATENAME/>
     <GSTREGISTRATIONTYPE/>
     <VATDEALERTYPE/>
     <PRICELEVEL/>
     <TDSNATUREOFPAYMENT/>
     <AUTOCOSTLEVEL/>
     <NARRATION>IT-0001</NARRATION>
     <REQUESTORRULE/>
     <ALTEREDBY/>
     <COUNTRYOFRESIDENCE/>
     <IMPORTEREXPORTERCODE/>
     <PARTYGSTIN/>
     <NATUREOFSALES/>
     <EXCISENOTIFICATIONNO/>
     <LUTNUMBER/>
     <BONDNUMBER/>
     <AUTHORITYNAME/>
     <AUTHORITYADDRESS/>
     <TAXUNITNAME/>
     <EXCISEUNITNAME/>
     <CLASSNAME/>
     <POSCARDLEDGER/>
     <POSCASHLEDGER/>
     <POSGIFTLEDGER/>
     <POSCHEQUELEDGER/>
     <EXCISECLASSIFICATIONNAME/>
     <TDSSECTIONNO/>
     <TDSDEDNSTATUS/>
     <TAXBANKCHALLANNUMBER/>
     <TAXCHALLANBSRCODE/>
     <TAXCHEQUENUMBER/>
     <TAXBANKNAME/>
     <TAXBANKBRANCHNAME/>
     <PARTYNAME/>
     <VOUCHERTYPENAME>Purchase</VOUCHERTYPENAME>
     <REFERENCE/>
     <VOUCHERNUMBER>1</VOUCHERNUMBER>
     <PARTYLEDGERNAME/>
     <BASICBASEPARTYNAME/>
     <BASICVOUCHERCHEQUENAME/>
     <BASICVOUCHERCROSSCOMMENT/>
     <EXCHGCURRENCYNAME/>
     <SERIALMASTER/>
     <SERIALNUMBER/>
     <STATADJUSTMENTTYPE/>
     <STATPAYMENTTYPE/>
     <CONSIGNEEIECODE/>
     <SUPPLIERIECODE/>
     <ARESERIALMASTER/>
     <ARESERIALNUMBER/>
     <SUMAUTOVCHNUM/>
     <TAXBANKACCOUNTNUMBER/>
     <CSTFORMISSUETYPE/>
     <CSTFORMISSUENUMBER/>
     <CSTFORMRECVTYPE/>
     <CSTFORMRECVNUMBER/>
     <CONSIGNEECSTNUMBER/>
     <BUYERSCSTNUMBER/>
     <CSTFORMISSUESERIESNUM/>
     <CSTFORMRECVSERIESNUM/>
     <EXCISETREASURYNUMBER/>
     <EXCISETREASURYNAME/>
     <CERTIFICATETYPE/>
     <CERTIFICATENUMBER/>
     <AREFORMTYPE/>
     <DESTINATIONTAXUNIT/>
     <FBTPAYMENTTYPE>Default</FBTPAYMENTTYPE>
     <POSCARDNUMBER/>
     <POSCHEQUENUMBER/>
     <POSCHEQUEBANKNAME/>
     <TAXADJUSTMENT/>
     <CHALLANTYPE/>
     <CHEQUEDEPOSITORNAME/>
     <EXCISENOTIFICATIONSERIALNO/>
     <PERSISTEDVIEW>Accounting Voucher View</PERSISTEDVIEW>
     <EXCISETARIFFTYPE/>
     <CONSIGNEELBTREGNNO/>
     <CONSIGNEELBTZONE/>
     <SUPPLIERLBTREGNNO/>
     <SUPPLIERLBTZONE/>
     <LBTMAPPEDCATEGORY/>
     <LBTMAPPEDZONE/>
     <LBTNATUREOFLIABILITY/>
     <CASHPARTYPAN/>
     <CASHPARTYDEDTYPE/>
     <VCHTAXTYPE/>
     <PURPOSEOFPURCHASE/>
     <POINTOFTRANSACTION/>
     <TRANSPORTERNAME/>
     <TRANSPORTMODE/>
     <AGGREMENTORDERNO/>
     <FOREIGNSELLERNAME/>
     <EXPORTERCOUNTRY/>
     <BILLOFENTRYNO/>
     <GOODSVEHICLENUMBER/>
     <SHIPNAME/>
     <SHIPAGENTNAME/>
     <CLEARINGAGENTNAME/>
     <LORRYRECPTNO/>
     <CARRIERNAME/>
     <CREDITLETTERREF/>
     <AIRWAYBILLNO/>
     <SHIPPINGBILLNO/>
     <FWDAGENTNAME/>
     <VATORDERNO/>
     <VATSELLERTIN/>
     <TRANSSOURCEPLACE/>
     <TRANSCATEGORY/>
     <VATDOCUMENTTYPE/>
     <VATTRANSBILLQTY/>
     <VATTRANSBILLNO/>
     <BILLOFLADINGNO/>
     <VATPAIDAGAINST/>
     <VATBANKNAME/>
     <VATBANKBRANCH/>
     <VATDDCHEQUENO/>
     <VATADJUSTMENTTYPE/>
     <VATFORMSTATUS/>
     <VATDOCUMENTNUMBER/>
     <VATSOURCESTATE/>
     <VATDESTINATIONSTATE/>
     <VATDESTINATIONPLACE/>
     <VATPARTYORGTYPE/>
     <VATPARTYTYPE/>
     <VATCHALLANNUMBER/>
     <VATDESIGOFPURCHASER/>
     <VATPURCHASERCPTTYPE/>
     <VATGOODSRCPTNO/>
     <VATPARTYORGNAME/>
     <AIRPORTNAME/>
     <TDNOFAWARDER/>
     <ECNUMBER/>
     <ECISSUINGAUTHORITY/>
     <CONTRACTORTIN/>
     <VATTDSBARCODE/>
     <VATPYMTMODEOFDEPOSIT/>
     <VATPYMTTAXDESC/>
     <VATBANKACCNUMBER/>
     <VATBRANCHCODE/>
     <VATTRANSSOURCE/>
     <VATPARTYTRANSRETURNNUMBER/>
     <VATADJADDLDETAILS/>
     <VATBRANCHNAME/>
     <PRIORITYSTATECONFLICT/>
     <EICHECKPOST/>
     <PORTNAME/>
     <PORTCODE/>
     <VATEFORMAPPLICABLE/>
     <VATEFORMAPPLICABLENO/>
     <VATINCOURSEOF/>
     <VATDISPATCHTIME/>
     <VATTRANSPORTERADDRESS/>
     <VATCONTRACTEETDN/>
     <VATCONTRACTEEDISTRICT/>
     <VATCONTRACTEENAME/>
     <CONSUMERIDENTIFICATIONNUMBER/>
     <STTVCHRHANDLE/>
     <SRVTREGNUMBER/>
     <TAXPAYMENTTYPE/>
     <STTAXBANKCHALLANNUMBER/>
     <TYPEOFEXCISEVOUCHER/>
     <GSTBANKNAME/>
     <GSTBANKACCOUNTNUMBER/>
     <GSTBANKACCOUNTTYPE/>
     <GSTBANKACCOUNTHOLDER/>
     <GSTBANKBRANCHADDRESS/>
     <GSTBANKIFSCCODE/>
     <GSTBANKMICRCODE/>
     <GSTDEBITDOCNUMBER/>
     <GSTPYMTMODEOFDEPOSIT/>
     <GSTBANKBRANCHNAME/>
     <GSTINSTRUMENTNUMBER/>
     <GSTCHALLANNUMBER/>
     <GSTCPINNUMBER/>
     <GSTCINNUMBER/>
     <ADJPARTYGSTIN/>
     <ADJPARTYINVOICENO/>
     <GSTMERCHANTID/>
     <PARTYORDERNO/>
     <GSTITCREVERSALDETAILS/>
     <GSTNATUREOFRETURN/>
     <GSTITCDOCUMENTTYPE/>
     <GSTADDITIONALDETAILS/>
     <GSTACTIVITYSTATUS/>
     <GSTRECONSTATUS/>
     <GSTREASONFORREJECTION/>
     <PLACEOFSUPPLY/>
     <ADVANCERECEIPTNUMBER/>
     <REFUNDVOUCHERNUMBER/>
     <URDORIGINALSALEVALUE/>
     <VCHTAXUNIT/>
     <CONSIGNEEGSTIN/>
     <BASICSHIPPEDBY/>
     <BASICDESTINATIONCOUNTRY/>
     <BASICBUYERNAME/>
     <BASICPLACEOFRECEIPT/>
     <BASICSHIPDOCUMENTNO/>
     <BASICPORTOFLOADING/>
     <BASICPORTOFDISCHARGE/>
     <BASICFINALDESTINATION/>
     <BASICORDERREF/>
     <BASICSHIPVESSELNO/>
     <BASICBUYERSSALESTAXNO/>
     <BASICDUEDATEOFPYMT/>
     <BASICSERIALNUMINPLA/>
     <BASICDATETIMEOFINVOICE/>
     <BASICDATETIMEOFREMOVAL/>
     <BUYERADDRESSTYPE/>
     <PARTYADDRESSTYPE/>
     <MFGRADDRESSTYPE/>
     <TRANSPORTERADDRROOM/>
     <TRANSPORTERADDRBLDG/>
     <TRANSPORTERADDRROAD/>
     <TRANSPORTERADDRAREA/>
     <TRANSPORTERADDRTOWN/>
     <TRANSPORTERADDRDIST/>
     <TRANSPORTERADDRSTATE/>
     <TRANSPORTERADDRPINCODE/>
     <TRANSPORTERADDRPHONE/>
     <TRANSPORTERADDRFAX/>
     <TRANSPORTERVEHICLE2/>
     <TRANSPORTLOCALTIN/>
     <VATCFORMISSUESTATE/>
     <PLACEOFSUPPLYSTATE/>
     <PLACEOFSUPPLYCOUNTRY/>
     <EMIRATEPOS/>
     <VCHGSTCLASS/>
     <COSTCENTRENAME/>
     <ADDITIONALNARRATION/>
     <PARTYINVNO/>
     <INSPDOCNO/>
     <SETTLEMENTTYPE/>
     <VOUCHERTIME/>
     <HOLDREFERENCE/>
     <VATCANCINVNO/>
     <VATCANCPURCTIN/>
     <VATCANCPURCNAME/>
     <VATTYPEOFDEVICE/>
     <VATBRIEFDESCRIPTION/>
     <VATDEVICENO/>
     <BUYERPINNUMBER/>
     <VATEXPORTENTRYNO/>
     <CONSIGNEEPINNUMBER/>
     <VATEXEMPTCERTIFICATENO/>
     <VATVEHICLENUMBER/>
     <VATGOODSRECEIPTNUMBER/>
     <VATMOBILENUMBER/>
     <VATCSTE1SERIESNO/>
     <VATCSTE1SERIALNO/>
     <VATPERMITFORM/>
     <VATCERTIFICATENO/>
     <CONSIGNEECIRCLE/>
     <CONSIGNEECITY/>
     <CONSIGNEESTATENAME/>
     <CONSIGNEEPINCODE/>
     <CONSIGNEEMOBILENUMBER/>
     <CONSIGNEEOTHERS/>
     <CONSIGNEEMAIL/>
     <DELIVERYCITY/>
     <DELIVERYPINCODE/>
     <DELIVERYOTHERS/>
     <DELIVERYSTATE/>
     <DISPATCHCITY/>
     <DISPATCHPINCODE/>
     <DESTINATIONPERMITNUMBER/>
     <ENTRYCHECKPOSTLOCATION/>
     <EXITCHECKPOSTLOCATION/>
     <VATTDSDEDUCTORNAME/>
     <ENTEREDBY/>
     <VOUCHERTYPEORIGNAME>Purchase</VOUCHERTYPEORIGNAME>
     <DIFFACTUALQTY>No</DIFFACTUALQTY>
     <ISMSTFROMSYNC>No</ISMSTFROMSYNC>
     <ASORIGINAL>No</ASORIGINAL>
     <AUDITED>No</AUDITED>
     <FORJOBCOSTING>No</FORJOBCOSTING>
     <ISOPTIONAL>No</ISOPTIONAL>
     <EFFECTIVEDATE>20190401</EFFECTIVEDATE>
     <USEFOREXCISE>No</USEFOREXCISE>
     <ISFORJOBWORKIN>No</ISFORJOBWORKIN>
     <ALLOWCONSUMPTION>No</ALLOWCONSUMPTION>
     <USEFORINTEREST>No</USEFORINTEREST>
     <USEFORGAINLOSS>No</USEFORGAINLOSS>
     <USEFORGODOWNTRANSFER>No</USEFORGODOWNTRANSFER>
     <USEFORCOMPOUND>No</USEFORCOMPOUND>
     <USEFORSERVICETAX>No</USEFORSERVICETAX>
     <ISEXCISEVOUCHER>No</ISEXCISEVOUCHER>
     <EXCISETAXOVERRIDE>No</EXCISETAXOVERRIDE>
     <USEFORTAXUNITTRANSFER>No</USEFORTAXUNITTRANSFER>
     <IGNOREPOSVALIDATION>No</IGNOREPOSVALIDATION>
     <EXCISEOPENING>No</EXCISEOPENING>
     <USEFORFINALPRODUCTION>No</USEFORFINALPRODUCTION>
     <ISTDSOVERRIDDEN>No</ISTDSOVERRIDDEN>
     <ISTCSOVERRIDDEN>No</ISTCSOVERRIDDEN>
     <ISTDSTCSCASHVCH>No</ISTDSTCSCASHVCH>
     <INCLUDEADVPYMTVCH>No</INCLUDEADVPYMTVCH>
     <ISSUBWORKSCONTRACT>No</ISSUBWORKSCONTRACT>
     <ISVATOVERRIDDEN>No</ISVATOVERRIDDEN>
     <IGNOREORIGVCHDATE>No</IGNOREORIGVCHDATE>
     <ISVATPAIDATCUSTOMS>No</ISVATPAIDATCUSTOMS>
     <ISDECLAREDTOCUSTOMS>No</ISDECLAREDTOCUSTOMS>
     <ISSERVICETAXOVERRIDDEN>No</ISSERVICETAXOVERRIDDEN>
     <ISISDVOUCHER>No</ISISDVOUCHER>
     <ISEXCISEOVERRIDDEN>No</ISEXCISEOVERRIDDEN>
     <ISEXCISESUPPLYVCH>No</ISEXCISESUPPLYVCH>
     <ISGSTOVERRIDDEN>No</ISGSTOVERRIDDEN>
     <GSTNOTEXPORTED>No</GSTNOTEXPORTED>
     <IGNOREGSTINVALIDATION>No</IGNOREGSTINVALIDATION>
     <ISVATPRINCIPALACCOUNT>No</ISVATPRINCIPALACCOUNT>
     <ISBOENOTAPPLICABLE>No</ISBOENOTAPPLICABLE>
     <ISSHIPPINGWITHINSTATE>No</ISSHIPPINGWITHINSTATE>
     <ISOVERSEASTOURISTTRANS>No</ISOVERSEASTOURISTTRANS>
     <ISDESIGNATEDZONEPARTY>No</ISDESIGNATEDZONEPARTY>
     <ISCANCELLED>No</ISCANCELLED>
     <HASCASHFLOW>No</HASCASHFLOW>
     <ISPOSTDATED>No</ISPOSTDATED>
     <USETRACKINGNUMBER>No</USETRACKINGNUMBER>
     <ISINVOICE>No</ISINVOICE>
     <MFGJOURNAL>No</MFGJOURNAL>
     <HASDISCOUNTS>No</HASDISCOUNTS>
     <ASPAYSLIP>No</ASPAYSLIP>
     <ISCOSTCENTRE>No</ISCOSTCENTRE>
     <ISSTXNONREALIZEDVCH>No</ISSTXNONREALIZEDVCH>
     <ISEXCISEMANUFACTURERON>No</ISEXCISEMANUFACTURERON>
     <ISBLANKCHEQUE>No</ISBLANKCHEQUE>
     <ISVOID>No</ISVOID>
     <ISONHOLD>No</ISONHOLD>
     <ORDERLINESTATUS>No</ORDERLINESTATUS>
     <VATISAGNSTCANCSALES>No</VATISAGNSTCANCSALES>
     <VATISPURCEXEMPTED>No</VATISPURCEXEMPTED>
     <ISVATRESTAXINVOICE>No</ISVATRESTAXINVOICE>
     <VATISASSESABLECALCVCH>No</VATISASSESABLECALCVCH>
     <ISVATDUTYPAID>Yes</ISVATDUTYPAID>
     <ISDELIVERYSAMEASCONSIGNEE>No</ISDELIVERYSAMEASCONSIGNEE>
     <ISDISPATCHSAMEASCONSIGNOR>No</ISDISPATCHSAMEASCONSIGNOR>
     <ISDELETED>No</ISDELETED>
     <CHANGEVCHMODE>No</CHANGEVCHMODE>
     <ALTERID> 815</ALTERID>
     <MASTERID> 405</MASTERID>
     <VOUCHERKEY>187067300577376</VOUCHERKEY>
     <ECFEERATE>0</ECFEERATE>
     <VATCONSIGNMENTNO>0</VATCONSIGNMENTNO>
     <VATTDSRATE>0</VATTDSRATE>
     <BONDAMOUNT/>
     <POSCASHRECEIVED/>
     <CUSTOMDUTYPAID/>
     <VATPARTYITCCLAIMED/>
     <VATPARTYTAXLIABILITY/>
     <VALUEOFWORKSCONTRACT/>
     <ECFEEAMOUNT/>
     <ECFEEDEPOSITBYAWARDER/>
     <ECFEEDEPOSITBYCONTRACTOR/>
     <TDSDEDUCTED/>
     <VALUEOFSUBWORKSCONT/>
     <VATTDSAMT/>
     <ADJPARTYINVOICEVALUE/>
     <GSTINVASSESSABLEVALUE/>
     <VATGOODSVALUE/>
     <EXCHGRATE/>
     <PROCESSINGDURATION/>
     <TEMPGSTEWAYCONSIGNORADDRESSTYPE/>
     <TEMPGSTEWAYCONSIGNEEADDRESSTYPE/>
     <EIDEFAULTLED_ISZRBASICSERVICE/>
     <PREVBOMNAME/>
     <CURBOMNAME/>
     <COMMONNATUREOFPAYMENT/>
     <TEMPISVCHSUPPLFILLED/>
     <CURRPARTYLEDGERNAME/>
     <CURRBASICBUYERNAME/>
     <CURRPARTYNAME/>
     <CURRBUYERADDRESSTYPE/>
     <CURRPARTYADDRESSTYPE/>
     <CURRSTATENAME/>
     <CURRBASICPURCHASEORDERNO/>
     <CURRBASICSHIPDELIVERYNOTE/>
     <POSSTAXPARTYLEDGERNAME/>
     <ISCSTAGTFORMC/>
     <EIDEFAULTLED_ISUSERDEFINED/>
     <EIDEFAULTLED_CLASSNAME/>
     <EIDEFAULTLED_CLASSRATE>0</EIDEFAULTLED_CLASSRATE>
     <EIDEFAULTLED_CLASSADDLRATE>0</EIDEFAULTLED_CLASSADDLRATE>
     <TEMPVATCLASSIFICATION/>
     <ISATTDDATAPRESERVED/>
     <TEMPGSTEWAYBILLNUMBER/>
     <TEMPGSTEWAYBILLDATE/>
     <TEMPGSTEWAYSUBTYPE/>
     <TEMPGSTEWAYDOCUMENTTYPE/>
     <TEMPGSTEWAYSTATUS/>
     <TEMPGSTEWAYCONSIGNOR/>
     <TEMPGSTEWAYCONSIGNORADDRESS/>
     <TEMPGSTEWAYFROMPLACE/>
     <TEMPCONSIGNORPINCODENUMBER>0</TEMPCONSIGNORPINCODENUMBER>
     <TEMPGSTEWAYPINCODENUMBER>0</TEMPGSTEWAYPINCODENUMBER>
     <TEMPGSTEWAYPINCODE/>
     <TEMPGSTEWAYCONSIGNORTIN/>
     <TEMPGSTEWAYCONSIGNORSTATE/>
     <TEMPGSTEWAYCONSSHIPFROMSTATE/>
     <TEMPGSTEWAYCONSIGNEE/>
     <TEMPGSTEWAYCONSADDRESS/>
     <TEMPGSTEWAYCONSFROMPLACE/>
     <TEMPGSTEWAYCONSPINCODENUMBER>0</TEMPGSTEWAYCONSPINCODENUMBER>
     <TEMPCONSIGNEEPINCODENUMBER>0</TEMPCONSIGNEEPINCODENUMBER>
     <TEMPGSTEWAYCONSPINCODE/>
     <TEMPGSTEWAYCONSTIN/>
     <TEMPGSTEWAYCONSSTATE/>
     <TEMPGSTEWAYCONSSHIPTOSTATE/>
     <TEMPGSTEWAYTRANSPORTMODE/>
     <TEMPGSTEWAYDISTANCE>0</TEMPGSTEWAYDISTANCE>
     <TEMPGSTEWAYTRANSPORTERNAME/>
     <TEMPGSTEWAYVEHICLENUMBER/>
     <TEMPGSTEWAYTRANSPORTERID/>
     <TEMPGSTEWAYTRANSPORTERDOCNO/>
     <TEMPGSTEWAYTRANSPORTERDOCDATE/>
     <TEMPGSTEWAYVEHICLETYPE/>
     <TEMPGSTEWAYCONSBILLNUMBER/>
     <TEMPGSTEWAYCONSBILLDATE/>
     <TEMPISUSERDEFINEDCLASS/>
     <TEMPCLASSNATURE/>
     <TEMPGSTOVRDNINELIGIBLEITC/>
     <TEMPGSTOVRDNISREVCHARGEAPPL/>
     <TEMPGSTOVRDNTAXABILITY/>
     <TEMPGSTOVRDNISREVCHARGEAPPLSTR/>
     <TEMPGSTOVRDNINELIGIBLEITCSTR/>
     <EXCLUDEDTAXATIONS.LIST>     </EXCLUDEDTAXATIONS.LIST>
     <OLDAUDITENTRIES.LIST>     </OLDAUDITENTRIES.LIST>
     <ACCOUNTAUDITENTRIES.LIST>     </ACCOUNTAUDITENTRIES.LIST>
     <AUDITENTRIES.LIST>     </AUDITENTRIES.LIST>
     <DUTYHEADDETAILS.LIST>     </DUTYHEADDETAILS.LIST>
     <SUPPLEMENTARYDUTYHEADDETAILS.LIST>     </SUPPLEMENTARYDUTYHEADDETAILS.LIST>
     <EWAYBILLDETAILS.LIST>     </EWAYBILLDETAILS.LIST>
     <INVOICEDELNOTES.LIST>     </INVOICEDELNOTES.LIST>
     <INVOICEORDERLIST.LIST>     </INVOICEORDERLIST.LIST>
     <INVOICEINDENTLIST.LIST>     </INVOICEINDENTLIST.LIST>
     <ATTENDANCEENTRIES.LIST>     </ATTENDANCEENTRIES.LIST>
     <ORIGINVOICEDETAILS.LIST>     </ORIGINVOICEDETAILS.LIST>
     <INVOICEEXPORTLIST.LIST>     </INVOICEEXPORTLIST.LIST>
     <ALLLEDGERENTRIES.LIST>
      <OLDAUDITENTRYIDS.LIST TYPE="Number">
       <OLDAUDITENTRYIDS>-1</OLDAUDITENTRYIDS>
      </OLDAUDITENTRYIDS.LIST>
      <ORIGPURCHINVDATE/>
      <NARRATION/>
      <ADDLALLOCTYPE/>
      <TAXCLASSIFICATIONNAME/>
      <NOTIFICATIONSLNO/>
      <ROUNDTYPE/>
      <LEDGERNAME>Finessw Webtech Pvt Ltd.</LEDGERNAME>
      <TAXUNITNAME/>
      <STATNATURENAME/>
      <GOODSTYPE/>
      <METHODTYPE/>
      <CLASSRATE/>
      <STATCLASSIFICATIONNAME/>
      <EXCISECLASSIFICATIONNAME/>
      <ISZRBASICSERVICE/>
      <VATCOMMODITYNAME/>
      <SCHEDULE/>
      <SCHEDULESERIALNUMBER/>
      <VATCOMMODITYCODE/>
      <VATSUBCOMMODITYCODE/>
      <VATTRADENAME/>
      <VATMAJORCOMMODITYNAME/>
      <TDSPARTYNAME/>
      <VATPARTYORGNAME/>
      <XBRLADJTYPE/>
      <VOUCHERFBTCATEGORY/>
      <TYPEOFTAXPAYMENT/>
      <VATCALCULATIONTYPE/>
      <VATWORKSCONTRACTTYPE/>
      <VATWCDESCRIPTION/>
      <GSTCLASS/>
      <SCHVIADJTYPE/>
      <GSTOVRDNCLASSIFICATION/>
      <GSTOVRDNNATURE/>
      <GSTOVRDNINELIGIBLEITC/>
      <GSTOVRDNISREVCHARGEAPPL/>
      <GSTOVRDNTAXABILITY/>
      <VATGOODSNATURE/>
      <POSPAYMENTTYPE/>
      <GSTPARTYLEDGER/>
      <ORIGPURCHPARTY/>
      <ORIGPURCHPARTYADDRESS/>
      <ORIGPURCHINVNO/>
      <ORIGPURCHNOTE/>
      <ISDEEMEDPOSITIVE>Yes</ISDEEMEDPOSITIVE>
      <LEDGERFROMITEM>No</LEDGERFROMITEM>
      <REMOVEZEROENTRIES>No</REMOVEZEROENTRIES>
      <ISPARTYLEDGER>No</ISPARTYLEDGER>
      <ISLASTDEEMEDPOSITIVE>Yes</ISLASTDEEMEDPOSITIVE>
      <ISCAPVATTAXALTERED>No</ISCAPVATTAXALTERED>
      <ISCAPVATNOTCLAIMED>No</ISCAPVATNOTCLAIMED>
      <STCRADJPERCENT>0</STCRADJPERCENT>
      <ROUNDLIMIT>0</ROUNDLIMIT>
      <RATEOFADDLVAT>0</RATEOFADDLVAT>
      <RATEOFCESSONVAT>0</RATEOFCESSONVAT>
      <VATTAXRATE>0</VATTAXRATE>
      <VATITEMQTY>0</VATITEMQTY>
      <PREVINVTOTALNUM>0</PREVINVTOTALNUM>
      <VATWCDEDUCTIONRATE>0</VATWCDEDUCTIONRATE>
      <GSTTAXRATE>0</GSTTAXRATE>
      <ORIGINVGOODSQTY>0</ORIGINVGOODSQTY>
      <CAPVATTAXRATE>0</CAPVATTAXRATE>
      <AMOUNT>-6432.00</AMOUNT>
      <FBTEXEMPTAMOUNT/>
      <VATASSESSABLEVALUE/>
      <VATWCCOSTOFLAND/>
      <VATWCDEDLABOURCHARGES/>
      <VATWCOTHERDEDUCTIONAMT/>
      <VATWCVALUEOFTAXFREEGOODS/>
      <VATWCOTHERCHARGES/>
      <VATWCSUBCONTRACTORAMT/>
      <PREVAMOUNT/>
      <PREVINVTOTALAMT/>
      <VATWCDEDUCTIONAMOUNT/>
      <ORIGINVGOODSVALUE/>
      <CENVATCAPTINPUTAMT/>
      <GSTASSESSABLEVALUE/>
      <IGSTLIABILITY/>
      <CGSTLIABILITY/>
      <SGSTLIABILITY/>
      <GSTCESSLIABILITY/>
      <GSTOVRDNASSESSABLEVALUE/>
      <GSTASSBLVALUE/>
      <ORIGINVGOODSTAXVALUE/>
      <VATWCESTABLISHMENTCOST/>
      <VATWCCONTRACTORPROFIT/>
      <VATWCPLANNINGDESIGNFEES/>
      <VATWCMACHINERYTOOLSCHARGES/>
      <VATWCCONSUMABLESCOST/>
      <VATEXPAMOUNT/>
      <VATASSBLVALUE/>
      <VATACCEPTEDTAXAMT/>
      <VATACCEPTEDADDLTAXAMT/>
      <CASHRECEIVED/>
      <CAPVATASSEABLEVALUE/>
      <CAPVATTAXVALUE/>
      <ORIGPURCHVALUE/>
      <SUPPLYMARGVAL/>
      <DENOMINATIONCOUNT2000X>0</DENOMINATIONCOUNT2000X>
      <DENOMINATIONCOUNT1000X>0</DENOMINATIONCOUNT1000X>
      <DENOMINATIONCOUNT500X>0</DENOMINATIONCOUNT500X>
      <DENOMINATIONCOUNT200X>0</DENOMINATIONCOUNT200X>
      <DENOMINATIONCOUNT100X>0</DENOMINATIONCOUNT100X>
      <DENOMINATIONCOUNT50X>0</DENOMINATIONCOUNT50X>
      <DENOMINATIONCOUNT20X>0</DENOMINATIONCOUNT20X>
      <DENOMINATIONCOUNT10X>0</DENOMINATIONCOUNT10X>
      <DENOMINATIONCOUNT5X>0</DENOMINATIONCOUNT5X>
      <DENOMINATIONCOUNT2X>0</DENOMINATIONCOUNT2X>
      <DENOMINATIONCOUNT1X>0</DENOMINATIONCOUNT1X>
      <DENOMINATIONAMOUNTOTHERS/>
      <CURRPARTYLEDGERNAME/>
      <TEMPVATCLASSIFICATION/>
      <VATGCCTAXAMOUNT/>
      <GSTCOMPDUTYAMOUNT/>
      <EXCISETEMPDUTYVAL/>
      <ISVATADJLEDGER/>
      <ISCLASSIFYMODIFY/>
      <VATASSESMENTATE>0</VATASSESMENTATE>
      <GSTLEDGERDISCOUNT/>
      <GVATLEDGEREXCISE/>
      <GSTDUTYAMOUNT/>
      <RBVATTAXAMOUNT/>
      <SALESCESSTAXAMOUNT/>
      <INVOICEROUNDINGDIFFVAL/>
      <SERVICETAXDETAILS.LIST>      </SERVICETAXDETAILS.LIST>
      <BANKALLOCATIONS.LIST>      </BANKALLOCATIONS.LIST>
      <BILLALLOCATIONS.LIST>      </BILLALLOCATIONS.LIST>
      <INTERESTCOLLECTION.LIST>      </INTERESTCOLLECTION.LIST>
      <OLDAUDITENTRIES.LIST>      </OLDAUDITENTRIES.LIST>
      <ACCOUNTAUDITENTRIES.LIST>      </ACCOUNTAUDITENTRIES.LIST>
      <AUDITENTRIES.LIST>      </AUDITENTRIES.LIST>
      <INPUTCRALLOCS.LIST>      </INPUTCRALLOCS.LIST>
      <DUTYHEADDETAILS.LIST>      </DUTYHEADDETAILS.LIST>
      <EXCISEDUTYHEADDETAILS.LIST>      </EXCISEDUTYHEADDETAILS.LIST>
      <RATEDETAILS.LIST>      </RATEDETAILS.LIST>
      <SUMMARYALLOCS.LIST>      </SUMMARYALLOCS.LIST>
      <STPYMTDETAILS.LIST>      </STPYMTDETAILS.LIST>
      <EXCISEPAYMENTALLOCATIONS.LIST>      </EXCISEPAYMENTALLOCATIONS.LIST>
      <TAXBILLALLOCATIONS.LIST>      </TAXBILLALLOCATIONS.LIST>
      <TAXOBJECTALLOCATIONS.LIST>      </TAXOBJECTALLOCATIONS.LIST>
      <TDSEXPENSEALLOCATIONS.LIST>      </TDSEXPENSEALLOCATIONS.LIST>
      <VATSTATUTORYDETAILS.LIST>      </VATSTATUTORYDETAILS.LIST>
      <COSTTRACKALLOCATIONS.LIST>      </COSTTRACKALLOCATIONS.LIST>
      <REFVOUCHERDETAILS.LIST>      </REFVOUCHERDETAILS.LIST>
      <INVOICEWISEDETAILS.LIST>      </INVOICEWISEDETAILS.LIST>
      <VATITCDETAILS.LIST>      </VATITCDETAILS.LIST>
      <ADVANCETAXDETAILS.LIST>      </ADVANCETAXDETAILS.LIST>
     </ALLLEDGERENTRIES.LIST>
     <ALLLEDGERENTRIES.LIST>
      <OLDAUDITENTRYIDS.LIST TYPE="Number">
       <OLDAUDITENTRYIDS>-1</OLDAUDITENTRYIDS>
      </OLDAUDITENTRYIDS.LIST>
      <ORIGPURCHINVDATE/>
      <NARRATION/>
      <ADDLALLOCTYPE/>
      <TAXCLASSIFICATIONNAME/>
      <NOTIFICATIONSLNO/>
      <ROUNDTYPE/>
      <LEDGERNAME>Sundry Debtors</LEDGERNAME>
      <TAXUNITNAME/>
      <STATNATURENAME/>
      <GOODSTYPE/>
      <METHODTYPE/>
      <CLASSRATE/>
      <STATCLASSIFICATIONNAME/>
      <EXCISECLASSIFICATIONNAME/>
      <ISZRBASICSERVICE/>
      <VATCOMMODITYNAME/>
      <SCHEDULE/>
      <SCHEDULESERIALNUMBER/>
      <VATCOMMODITYCODE/>
      <VATSUBCOMMODITYCODE/>
      <VATTRADENAME/>
      <VATMAJORCOMMODITYNAME/>
      <TDSPARTYNAME/>
      <VATPARTYORGNAME/>
      <XBRLADJTYPE/>
      <VOUCHERFBTCATEGORY/>
      <TYPEOFTAXPAYMENT/>
      <VATCALCULATIONTYPE/>
      <VATWORKSCONTRACTTYPE/>
      <VATWCDESCRIPTION/>
      <GSTCLASS/>
      <SCHVIADJTYPE/>
      <GSTOVRDNCLASSIFICATION/>
      <GSTOVRDNNATURE/>
      <GSTOVRDNINELIGIBLEITC/>
      <GSTOVRDNISREVCHARGEAPPL/>
      <GSTOVRDNTAXABILITY/>
      <VATGOODSNATURE/>
      <POSPAYMENTTYPE/>
      <GSTPARTYLEDGER/>
      <ORIGPURCHPARTY/>
      <ORIGPURCHPARTYADDRESS/>
      <ORIGPURCHINVNO/>
      <ORIGPURCHNOTE/>
      <ISDEEMEDPOSITIVE>No</ISDEEMEDPOSITIVE>
      <LEDGERFROMITEM>No</LEDGERFROMITEM>
      <REMOVEZEROENTRIES>No</REMOVEZEROENTRIES>
      <ISPARTYLEDGER>No</ISPARTYLEDGER>
      <ISLASTDEEMEDPOSITIVE>No</ISLASTDEEMEDPOSITIVE>
      <ISCAPVATTAXALTERED>No</ISCAPVATTAXALTERED>
      <ISCAPVATNOTCLAIMED>No</ISCAPVATNOTCLAIMED>
      <STCRADJPERCENT>0</STCRADJPERCENT>
      <ROUNDLIMIT>0</ROUNDLIMIT>
      <RATEOFADDLVAT>0</RATEOFADDLVAT>
      <RATEOFCESSONVAT>0</RATEOFCESSONVAT>
      <VATTAXRATE>0</VATTAXRATE>
      <VATITEMQTY>0</VATITEMQTY>
      <PREVINVTOTALNUM>0</PREVINVTOTALNUM>
      <VATWCDEDUCTIONRATE>0</VATWCDEDUCTIONRATE>
      <GSTTAXRATE>0</GSTTAXRATE>
      <ORIGINVGOODSQTY>0</ORIGINVGOODSQTY>
      <CAPVATTAXRATE>0</CAPVATTAXRATE>
      <AMOUNT>6000.00</AMOUNT>
      <FBTEXEMPTAMOUNT/>
      <VATASSESSABLEVALUE/>
      <VATWCCOSTOFLAND/>
      <VATWCDEDLABOURCHARGES/>
      <VATWCOTHERDEDUCTIONAMT/>
      <VATWCVALUEOFTAXFREEGOODS/>
      <VATWCOTHERCHARGES/>
      <VATWCSUBCONTRACTORAMT/>
      <PREVAMOUNT/>
      <PREVINVTOTALAMT/>
      <VATWCDEDUCTIONAMOUNT/>
      <ORIGINVGOODSVALUE/>
      <CENVATCAPTINPUTAMT/>
      <GSTASSESSABLEVALUE/>
      <IGSTLIABILITY/>
      <CGSTLIABILITY/>
      <SGSTLIABILITY/>
      <GSTCESSLIABILITY/>
      <GSTOVRDNASSESSABLEVALUE/>
      <GSTASSBLVALUE/>
      <ORIGINVGOODSTAXVALUE/>
      <VATWCESTABLISHMENTCOST/>
      <VATWCCONTRACTORPROFIT/>
      <VATWCPLANNINGDESIGNFEES/>
      <VATWCMACHINERYTOOLSCHARGES/>
      <VATWCCONSUMABLESCOST/>
      <VATEXPAMOUNT/>
      <VATASSBLVALUE/>
      <VATACCEPTEDTAXAMT/>
      <VATACCEPTEDADDLTAXAMT/>
      <CASHRECEIVED/>
      <CAPVATASSEABLEVALUE/>
      <CAPVATTAXVALUE/>
      <ORIGPURCHVALUE/>
      <SUPPLYMARGVAL/>
      <DENOMINATIONCOUNT2000X>0</DENOMINATIONCOUNT2000X>
      <DENOMINATIONCOUNT1000X>0</DENOMINATIONCOUNT1000X>
      <DENOMINATIONCOUNT500X>0</DENOMINATIONCOUNT500X>
      <DENOMINATIONCOUNT200X>0</DENOMINATIONCOUNT200X>
      <DENOMINATIONCOUNT100X>0</DENOMINATIONCOUNT100X>
      <DENOMINATIONCOUNT50X>0</DENOMINATIONCOUNT50X>
      <DENOMINATIONCOUNT20X>0</DENOMINATIONCOUNT20X>
      <DENOMINATIONCOUNT10X>0</DENOMINATIONCOUNT10X>
      <DENOMINATIONCOUNT5X>0</DENOMINATIONCOUNT5X>
      <DENOMINATIONCOUNT2X>0</DENOMINATIONCOUNT2X>
      <DENOMINATIONCOUNT1X>0</DENOMINATIONCOUNT1X>
      <DENOMINATIONAMOUNTOTHERS/>
      <CURRPARTYLEDGERNAME/>
      <TEMPVATCLASSIFICATION/>
      <VATGCCTAXAMOUNT/>
      <GSTCOMPDUTYAMOUNT/>
      <EXCISETEMPDUTYVAL/>
      <ISVATADJLEDGER/>
      <ISCLASSIFYMODIFY/>
      <VATASSESMENTATE>0</VATASSESMENTATE>
      <GSTLEDGERDISCOUNT/>
      <GVATLEDGEREXCISE/>
      <GSTDUTYAMOUNT/>
      <RBVATTAXAMOUNT/>
      <SALESCESSTAXAMOUNT/>
      <INVOICEROUNDINGDIFFVAL/>
      <SERVICETAXDETAILS.LIST>      </SERVICETAXDETAILS.LIST>
      <BANKALLOCATIONS.LIST>      </BANKALLOCATIONS.LIST>
      <BILLALLOCATIONS.LIST>      </BILLALLOCATIONS.LIST>
      <INTERESTCOLLECTION.LIST>      </INTERESTCOLLECTION.LIST>
      <OLDAUDITENTRIES.LIST>      </OLDAUDITENTRIES.LIST>
      <ACCOUNTAUDITENTRIES.LIST>      </ACCOUNTAUDITENTRIES.LIST>
      <AUDITENTRIES.LIST>      </AUDITENTRIES.LIST>
      <INPUTCRALLOCS.LIST>      </INPUTCRALLOCS.LIST>
      <DUTYHEADDETAILS.LIST>      </DUTYHEADDETAILS.LIST>
      <EXCISEDUTYHEADDETAILS.LIST>      </EXCISEDUTYHEADDETAILS.LIST>
      <RATEDETAILS.LIST>      </RATEDETAILS.LIST>
      <SUMMARYALLOCS.LIST>      </SUMMARYALLOCS.LIST>
      <STPYMTDETAILS.LIST>      </STPYMTDETAILS.LIST>
      <EXCISEPAYMENTALLOCATIONS.LIST>      </EXCISEPAYMENTALLOCATIONS.LIST>
      <TAXBILLALLOCATIONS.LIST>      </TAXBILLALLOCATIONS.LIST>
      <TAXOBJECTALLOCATIONS.LIST>      </TAXOBJECTALLOCATIONS.LIST>
      <TDSEXPENSEALLOCATIONS.LIST>      </TDSEXPENSEALLOCATIONS.LIST>
      <VATSTATUTORYDETAILS.LIST>      </VATSTATUTORYDETAILS.LIST>
      <COSTTRACKALLOCATIONS.LIST>      </COSTTRACKALLOCATIONS.LIST>
      <REFVOUCHERDETAILS.LIST>      </REFVOUCHERDETAILS.LIST>
      <INVOICEWISEDETAILS.LIST>      </INVOICEWISEDETAILS.LIST>
      <VATITCDETAILS.LIST>      </VATITCDETAILS.LIST>
      <ADVANCETAXDETAILS.LIST>      </ADVANCETAXDETAILS.LIST>
     </ALLLEDGERENTRIES.LIST>
     <ALLLEDGERENTRIES.LIST>
      <OLDAUDITENTRYIDS.LIST TYPE="Number">
       <OLDAUDITENTRYIDS>-1</OLDAUDITENTRYIDS>
      </OLDAUDITENTRYIDS.LIST>
      <ORIGPURCHINVDATE/>
      <NARRATION/>
      <ADDLALLOCTYPE/>
      <TAXCLASSIFICATIONNAME/>
      <NOTIFICATIONSLNO/>
      <ROUNDTYPE/>
      <LEDGERNAME>Input CGST</LEDGERNAME>
      <TAXUNITNAME/>
      <STATNATURENAME/>
      <GOODSTYPE/>
      <METHODTYPE/>
      <CLASSRATE/>
      <STATCLASSIFICATIONNAME/>
      <EXCISECLASSIFICATIONNAME/>
      <ISZRBASICSERVICE/>
      <VATCOMMODITYNAME/>
      <SCHEDULE/>
      <SCHEDULESERIALNUMBER/>
      <VATCOMMODITYCODE/>
      <VATSUBCOMMODITYCODE/>
      <VATTRADENAME/>
      <VATMAJORCOMMODITYNAME/>
      <TDSPARTYNAME/>
      <VATPARTYORGNAME/>
      <XBRLADJTYPE/>
      <VOUCHERFBTCATEGORY/>
      <TYPEOFTAXPAYMENT/>
      <VATCALCULATIONTYPE/>
      <VATWORKSCONTRACTTYPE/>
      <VATWCDESCRIPTION/>
      <GSTCLASS/>
      <SCHVIADJTYPE/>
      <GSTOVRDNCLASSIFICATION/>
      <GSTOVRDNNATURE/>
      <GSTOVRDNINELIGIBLEITC/>
      <GSTOVRDNISREVCHARGEAPPL/>
      <GSTOVRDNTAXABILITY/>
      <VATGOODSNATURE/>
      <POSPAYMENTTYPE/>
      <GSTPARTYLEDGER/>
      <ORIGPURCHPARTY/>
      <ORIGPURCHPARTYADDRESS/>
      <ORIGPURCHINVNO/>
      <ORIGPURCHNOTE/>
      <ISDEEMEDPOSITIVE>No</ISDEEMEDPOSITIVE>
      <LEDGERFROMITEM>No</LEDGERFROMITEM>
      <REMOVEZEROENTRIES>No</REMOVEZEROENTRIES>
      <ISPARTYLEDGER>No</ISPARTYLEDGER>
      <ISLASTDEEMEDPOSITIVE>No</ISLASTDEEMEDPOSITIVE>
      <ISCAPVATTAXALTERED>No</ISCAPVATTAXALTERED>
      <ISCAPVATNOTCLAIMED>No</ISCAPVATNOTCLAIMED>
      <STCRADJPERCENT>0</STCRADJPERCENT>
      <ROUNDLIMIT>0</ROUNDLIMIT>
      <RATEOFADDLVAT>0</RATEOFADDLVAT>
      <RATEOFCESSONVAT>0</RATEOFCESSONVAT>
      <VATTAXRATE>0</VATTAXRATE>
      <VATITEMQTY>0</VATITEMQTY>
      <PREVINVTOTALNUM>0</PREVINVTOTALNUM>
      <VATWCDEDUCTIONRATE>0</VATWCDEDUCTIONRATE>
      <GSTTAXRATE>0</GSTTAXRATE>
      <ORIGINVGOODSQTY>0</ORIGINVGOODSQTY>
      <CAPVATTAXRATE>0</CAPVATTAXRATE>
      <AMOUNT>72.00</AMOUNT>
      <FBTEXEMPTAMOUNT/>
      <VATASSESSABLEVALUE/>
      <VATWCCOSTOFLAND/>
      <VATWCDEDLABOURCHARGES/>
      <VATWCOTHERDEDUCTIONAMT/>
      <VATWCVALUEOFTAXFREEGOODS/>
      <VATWCOTHERCHARGES/>
      <VATWCSUBCONTRACTORAMT/>
      <PREVAMOUNT/>
      <PREVINVTOTALAMT/>
      <VATWCDEDUCTIONAMOUNT/>
      <ORIGINVGOODSVALUE/>
      <CENVATCAPTINPUTAMT/>
      <GSTASSESSABLEVALUE/>
      <IGSTLIABILITY/>
      <CGSTLIABILITY/>
      <SGSTLIABILITY/>
      <GSTCESSLIABILITY/>
      <GSTOVRDNASSESSABLEVALUE/>
      <GSTASSBLVALUE/>
      <ORIGINVGOODSTAXVALUE/>
      <VATWCESTABLISHMENTCOST/>
      <VATWCCONTRACTORPROFIT/>
      <VATWCPLANNINGDESIGNFEES/>
      <VATWCMACHINERYTOOLSCHARGES/>
      <VATWCCONSUMABLESCOST/>
      <VATEXPAMOUNT/>
      <VATASSBLVALUE/>
      <VATACCEPTEDTAXAMT/>
      <VATACCEPTEDADDLTAXAMT/>
      <CASHRECEIVED/>
      <CAPVATASSEABLEVALUE/>
      <CAPVATTAXVALUE/>
      <ORIGPURCHVALUE/>
      <SUPPLYMARGVAL/>
      <DENOMINATIONCOUNT2000X>0</DENOMINATIONCOUNT2000X>
      <DENOMINATIONCOUNT1000X>0</DENOMINATIONCOUNT1000X>
      <DENOMINATIONCOUNT500X>0</DENOMINATIONCOUNT500X>
      <DENOMINATIONCOUNT200X>0</DENOMINATIONCOUNT200X>
      <DENOMINATIONCOUNT100X>0</DENOMINATIONCOUNT100X>
      <DENOMINATIONCOUNT50X>0</DENOMINATIONCOUNT50X>
      <DENOMINATIONCOUNT20X>0</DENOMINATIONCOUNT20X>
      <DENOMINATIONCOUNT10X>0</DENOMINATIONCOUNT10X>
      <DENOMINATIONCOUNT5X>0</DENOMINATIONCOUNT5X>
      <DENOMINATIONCOUNT2X>0</DENOMINATIONCOUNT2X>
      <DENOMINATIONCOUNT1X>0</DENOMINATIONCOUNT1X>
      <DENOMINATIONAMOUNTOTHERS/>
      <CURRPARTYLEDGERNAME/>
      <TEMPVATCLASSIFICATION/>
      <VATGCCTAXAMOUNT/>
      <GSTCOMPDUTYAMOUNT/>
      <EXCISETEMPDUTYVAL/>
      <ISVATADJLEDGER/>
      <ISCLASSIFYMODIFY/>
      <VATASSESMENTATE>0</VATASSESMENTATE>
      <GSTLEDGERDISCOUNT/>
      <GVATLEDGEREXCISE/>
      <GSTDUTYAMOUNT/>
      <RBVATTAXAMOUNT/>
      <SALESCESSTAXAMOUNT/>
      <INVOICEROUNDINGDIFFVAL/>
      <SERVICETAXDETAILS.LIST>      </SERVICETAXDETAILS.LIST>
      <BANKALLOCATIONS.LIST>      </BANKALLOCATIONS.LIST>
      <BILLALLOCATIONS.LIST>      </BILLALLOCATIONS.LIST>
      <INTERESTCOLLECTION.LIST>      </INTERESTCOLLECTION.LIST>
      <OLDAUDITENTRIES.LIST>      </OLDAUDITENTRIES.LIST>
      <ACCOUNTAUDITENTRIES.LIST>      </ACCOUNTAUDITENTRIES.LIST>
      <AUDITENTRIES.LIST>      </AUDITENTRIES.LIST>
      <INPUTCRALLOCS.LIST>      </INPUTCRALLOCS.LIST>
      <DUTYHEADDETAILS.LIST>      </DUTYHEADDETAILS.LIST>
      <EXCISEDUTYHEADDETAILS.LIST>      </EXCISEDUTYHEADDETAILS.LIST>
      <RATEDETAILS.LIST>      </RATEDETAILS.LIST>
      <SUMMARYALLOCS.LIST>      </SUMMARYALLOCS.LIST>
      <STPYMTDETAILS.LIST>      </STPYMTDETAILS.LIST>
      <EXCISEPAYMENTALLOCATIONS.LIST>      </EXCISEPAYMENTALLOCATIONS.LIST>
      <TAXBILLALLOCATIONS.LIST>      </TAXBILLALLOCATIONS.LIST>
      <TAXOBJECTALLOCATIONS.LIST>      </TAXOBJECTALLOCATIONS.LIST>
      <TDSEXPENSEALLOCATIONS.LIST>      </TDSEXPENSEALLOCATIONS.LIST>
      <VATSTATUTORYDETAILS.LIST>      </VATSTATUTORYDETAILS.LIST>
      <COSTTRACKALLOCATIONS.LIST>      </COSTTRACKALLOCATIONS.LIST>
      <REFVOUCHERDETAILS.LIST>      </REFVOUCHERDETAILS.LIST>
      <INVOICEWISEDETAILS.LIST>      </INVOICEWISEDETAILS.LIST>
      <VATITCDETAILS.LIST>      </VATITCDETAILS.LIST>
      <ADVANCETAXDETAILS.LIST>      </ADVANCETAXDETAILS.LIST>
     </ALLLEDGERENTRIES.LIST>
     <ALLLEDGERENTRIES.LIST>
      <OLDAUDITENTRYIDS.LIST TYPE="Number">
       <OLDAUDITENTRYIDS>-1</OLDAUDITENTRYIDS>
      </OLDAUDITENTRYIDS.LIST>
      <ORIGPURCHINVDATE/>
      <NARRATION/>
      <ADDLALLOCTYPE/>
      <TAXCLASSIFICATIONNAME/>
      <NOTIFICATIONSLNO/>
      <ROUNDTYPE/>
      <LEDGERNAME>Input SGST</LEDGERNAME>
      <TAXUNITNAME/>
      <STATNATURENAME/>
      <GOODSTYPE/>
      <METHODTYPE/>
      <CLASSRATE/>
      <STATCLASSIFICATIONNAME/>
      <EXCISECLASSIFICATIONNAME/>
      <ISZRBASICSERVICE/>
      <VATCOMMODITYNAME/>
      <SCHEDULE/>
      <SCHEDULESERIALNUMBER/>
      <VATCOMMODITYCODE/>
      <VATSUBCOMMODITYCODE/>
      <VATTRADENAME/>
      <VATMAJORCOMMODITYNAME/>
      <TDSPARTYNAME/>
      <VATPARTYORGNAME/>
      <XBRLADJTYPE/>
      <VOUCHERFBTCATEGORY/>
      <TYPEOFTAXPAYMENT/>
      <VATCALCULATIONTYPE/>
      <VATWORKSCONTRACTTYPE/>
      <VATWCDESCRIPTION/>
      <GSTCLASS/>
      <SCHVIADJTYPE/>
      <GSTOVRDNCLASSIFICATION/>
      <GSTOVRDNNATURE/>
      <GSTOVRDNINELIGIBLEITC/>
      <GSTOVRDNISREVCHARGEAPPL/>
      <GSTOVRDNTAXABILITY/>
      <VATGOODSNATURE/>
      <POSPAYMENTTYPE/>
      <GSTPARTYLEDGER/>
      <ORIGPURCHPARTY/>
      <ORIGPURCHPARTYADDRESS/>
      <ORIGPURCHINVNO/>
      <ORIGPURCHNOTE/>
      <ISDEEMEDPOSITIVE>No</ISDEEMEDPOSITIVE>
      <LEDGERFROMITEM>No</LEDGERFROMITEM>
      <REMOVEZEROENTRIES>No</REMOVEZEROENTRIES>
      <ISPARTYLEDGER>No</ISPARTYLEDGER>
      <ISLASTDEEMEDPOSITIVE>No</ISLASTDEEMEDPOSITIVE>
      <ISCAPVATTAXALTERED>No</ISCAPVATTAXALTERED>
      <ISCAPVATNOTCLAIMED>No</ISCAPVATNOTCLAIMED>
      <STCRADJPERCENT>0</STCRADJPERCENT>
      <ROUNDLIMIT>0</ROUNDLIMIT>
      <RATEOFADDLVAT>0</RATEOFADDLVAT>
      <RATEOFCESSONVAT>0</RATEOFCESSONVAT>
      <VATTAXRATE>0</VATTAXRATE>
      <VATITEMQTY>0</VATITEMQTY>
      <PREVINVTOTALNUM>0</PREVINVTOTALNUM>
      <VATWCDEDUCTIONRATE>0</VATWCDEDUCTIONRATE>
      <GSTTAXRATE>0</GSTTAXRATE>
      <ORIGINVGOODSQTY>0</ORIGINVGOODSQTY>
      <CAPVATTAXRATE>0</CAPVATTAXRATE>
      <AMOUNT>300.00</AMOUNT>
      <FBTEXEMPTAMOUNT/>
      <VATASSESSABLEVALUE/>
      <VATWCCOSTOFLAND/>
      <VATWCDEDLABOURCHARGES/>
      <VATWCOTHERDEDUCTIONAMT/>
      <VATWCVALUEOFTAXFREEGOODS/>
      <VATWCOTHERCHARGES/>
      <VATWCSUBCONTRACTORAMT/>
      <PREVAMOUNT/>
      <PREVINVTOTALAMT/>
      <VATWCDEDUCTIONAMOUNT/>
      <ORIGINVGOODSVALUE/>
      <CENVATCAPTINPUTAMT/>
      <GSTASSESSABLEVALUE/>
      <IGSTLIABILITY/>
      <CGSTLIABILITY/>
      <SGSTLIABILITY/>
      <GSTCESSLIABILITY/>
      <GSTOVRDNASSESSABLEVALUE/>
      <GSTASSBLVALUE/>
      <ORIGINVGOODSTAXVALUE/>
      <VATWCESTABLISHMENTCOST/>
      <VATWCCONTRACTORPROFIT/>
      <VATWCPLANNINGDESIGNFEES/>
      <VATWCMACHINERYTOOLSCHARGES/>
      <VATWCCONSUMABLESCOST/>
      <VATEXPAMOUNT/>
      <VATASSBLVALUE/>
      <VATACCEPTEDTAXAMT/>
      <VATACCEPTEDADDLTAXAMT/>
      <CASHRECEIVED/>
      <CAPVATASSEABLEVALUE/>
      <CAPVATTAXVALUE/>
      <ORIGPURCHVALUE/>
      <SUPPLYMARGVAL/>
      <DENOMINATIONCOUNT2000X>0</DENOMINATIONCOUNT2000X>
      <DENOMINATIONCOUNT1000X>0</DENOMINATIONCOUNT1000X>
      <DENOMINATIONCOUNT500X>0</DENOMINATIONCOUNT500X>
      <DENOMINATIONCOUNT200X>0</DENOMINATIONCOUNT200X>
      <DENOMINATIONCOUNT100X>0</DENOMINATIONCOUNT100X>
      <DENOMINATIONCOUNT50X>0</DENOMINATIONCOUNT50X>
      <DENOMINATIONCOUNT20X>0</DENOMINATIONCOUNT20X>
      <DENOMINATIONCOUNT10X>0</DENOMINATIONCOUNT10X>
      <DENOMINATIONCOUNT5X>0</DENOMINATIONCOUNT5X>
      <DENOMINATIONCOUNT2X>0</DENOMINATIONCOUNT2X>
      <DENOMINATIONCOUNT1X>0</DENOMINATIONCOUNT1X>
      <DENOMINATIONAMOUNTOTHERS/>
      <CURRPARTYLEDGERNAME/>
      <TEMPVATCLASSIFICATION/>
      <VATGCCTAXAMOUNT/>
      <GSTCOMPDUTYAMOUNT/>
      <EXCISETEMPDUTYVAL/>
      <ISVATADJLEDGER/>
      <ISCLASSIFYMODIFY/>
      <VATASSESMENTATE>0</VATASSESMENTATE>
      <GSTLEDGERDISCOUNT/>
      <GVATLEDGEREXCISE/>
      <GSTDUTYAMOUNT/>
      <RBVATTAXAMOUNT/>
      <SALESCESSTAXAMOUNT/>
      <INVOICEROUNDINGDIFFVAL/>
      <SERVICETAXDETAILS.LIST>      </SERVICETAXDETAILS.LIST>
      <BANKALLOCATIONS.LIST>      </BANKALLOCATIONS.LIST>
      <BILLALLOCATIONS.LIST>      </BILLALLOCATIONS.LIST>
      <INTERESTCOLLECTION.LIST>      </INTERESTCOLLECTION.LIST>
      <OLDAUDITENTRIES.LIST>      </OLDAUDITENTRIES.LIST>
      <ACCOUNTAUDITENTRIES.LIST>      </ACCOUNTAUDITENTRIES.LIST>
      <AUDITENTRIES.LIST>      </AUDITENTRIES.LIST>
      <INPUTCRALLOCS.LIST>      </INPUTCRALLOCS.LIST>
      <DUTYHEADDETAILS.LIST>      </DUTYHEADDETAILS.LIST>
      <EXCISEDUTYHEADDETAILS.LIST>      </EXCISEDUTYHEADDETAILS.LIST>
      <RATEDETAILS.LIST>      </RATEDETAILS.LIST>
      <SUMMARYALLOCS.LIST>      </SUMMARYALLOCS.LIST>
      <STPYMTDETAILS.LIST>      </STPYMTDETAILS.LIST>
      <EXCISEPAYMENTALLOCATIONS.LIST>      </EXCISEPAYMENTALLOCATIONS.LIST>
      <TAXBILLALLOCATIONS.LIST>      </TAXBILLALLOCATIONS.LIST>
      <TAXOBJECTALLOCATIONS.LIST>      </TAXOBJECTALLOCATIONS.LIST>
      <TDSEXPENSEALLOCATIONS.LIST>      </TDSEXPENSEALLOCATIONS.LIST>
      <VATSTATUTORYDETAILS.LIST>      </VATSTATUTORYDETAILS.LIST>
      <COSTTRACKALLOCATIONS.LIST>      </COSTTRACKALLOCATIONS.LIST>
      <REFVOUCHERDETAILS.LIST>      </REFVOUCHERDETAILS.LIST>
      <INVOICEWISEDETAILS.LIST>      </INVOICEWISEDETAILS.LIST>
      <VATITCDETAILS.LIST>      </VATITCDETAILS.LIST>
      <ADVANCETAXDETAILS.LIST>      </ADVANCETAXDETAILS.LIST>
     </ALLLEDGERENTRIES.LIST>
     <ALLLEDGERENTRIES.LIST>
      <OLDAUDITENTRYIDS.LIST TYPE="Number">
       <OLDAUDITENTRYIDS>-1</OLDAUDITENTRYIDS>
      </OLDAUDITENTRYIDS.LIST>
      <ORIGPURCHINVDATE/>
      <NARRATION/>
      <ADDLALLOCTYPE/>
      <TAXCLASSIFICATIONNAME/>
      <NOTIFICATIONSLNO/>
      <ROUNDTYPE/>
      <LEDGERNAME>Input IGST</LEDGERNAME>
      <TAXUNITNAME/>
      <STATNATURENAME/>
      <GOODSTYPE/>
      <METHODTYPE/>
      <CLASSRATE/>
      <STATCLASSIFICATIONNAME/>
      <EXCISECLASSIFICATIONNAME/>
      <ISZRBASICSERVICE/>
      <VATCOMMODITYNAME/>
      <SCHEDULE/>
      <SCHEDULESERIALNUMBER/>
      <VATCOMMODITYCODE/>
      <VATSUBCOMMODITYCODE/>
      <VATTRADENAME/>
      <VATMAJORCOMMODITYNAME/>
      <TDSPARTYNAME/>
      <VATPARTYORGNAME/>
      <XBRLADJTYPE/>
      <VOUCHERFBTCATEGORY/>
      <TYPEOFTAXPAYMENT/>
      <VATCALCULATIONTYPE/>
      <VATWORKSCONTRACTTYPE/>
      <VATWCDESCRIPTION/>
      <GSTCLASS/>
      <SCHVIADJTYPE/>
      <GSTOVRDNCLASSIFICATION/>
      <GSTOVRDNNATURE/>
      <GSTOVRDNINELIGIBLEITC/>
      <GSTOVRDNISREVCHARGEAPPL/>
      <GSTOVRDNTAXABILITY/>
      <VATGOODSNATURE/>
      <POSPAYMENTTYPE/>
      <GSTPARTYLEDGER/>
      <ORIGPURCHPARTY/>
      <ORIGPURCHPARTYADDRESS/>
      <ORIGPURCHINVNO/>
      <ORIGPURCHNOTE/>
      <ISDEEMEDPOSITIVE>No</ISDEEMEDPOSITIVE>
      <LEDGERFROMITEM>No</LEDGERFROMITEM>
      <REMOVEZEROENTRIES>No</REMOVEZEROENTRIES>
      <ISPARTYLEDGER>No</ISPARTYLEDGER>
      <ISLASTDEEMEDPOSITIVE>No</ISLASTDEEMEDPOSITIVE>
      <ISCAPVATTAXALTERED>No</ISCAPVATTAXALTERED>
      <ISCAPVATNOTCLAIMED>No</ISCAPVATNOTCLAIMED>
      <STCRADJPERCENT>0</STCRADJPERCENT>
      <ROUNDLIMIT>0</ROUNDLIMIT>
      <RATEOFADDLVAT>0</RATEOFADDLVAT>
      <RATEOFCESSONVAT>0</RATEOFCESSONVAT>
      <VATTAXRATE>0</VATTAXRATE>
      <VATITEMQTY>0</VATITEMQTY>
      <PREVINVTOTALNUM>0</PREVINVTOTALNUM>
      <VATWCDEDUCTIONRATE>0</VATWCDEDUCTIONRATE>
      <GSTTAXRATE>0</GSTTAXRATE>
      <ORIGINVGOODSQTY>0</ORIGINVGOODSQTY>
      <CAPVATTAXRATE>0</CAPVATTAXRATE>
      <AMOUNT>60.00</AMOUNT>
      <FBTEXEMPTAMOUNT/>
      <VATASSESSABLEVALUE/>
      <VATWCCOSTOFLAND/>
      <VATWCDEDLABOURCHARGES/>
      <VATWCOTHERDEDUCTIONAMT/>
      <VATWCVALUEOFTAXFREEGOODS/>
      <VATWCOTHERCHARGES/>
      <VATWCSUBCONTRACTORAMT/>
      <PREVAMOUNT/>
      <PREVINVTOTALAMT/>
      <VATWCDEDUCTIONAMOUNT/>
      <ORIGINVGOODSVALUE/>
      <CENVATCAPTINPUTAMT/>
      <GSTASSESSABLEVALUE/>
      <IGSTLIABILITY/>
      <CGSTLIABILITY/>
      <SGSTLIABILITY/>
      <GSTCESSLIABILITY/>
      <GSTOVRDNASSESSABLEVALUE/>
      <GSTASSBLVALUE/>
      <ORIGINVGOODSTAXVALUE/>
      <VATWCESTABLISHMENTCOST/>
      <VATWCCONTRACTORPROFIT/>
      <VATWCPLANNINGDESIGNFEES/>
      <VATWCMACHINERYTOOLSCHARGES/>
      <VATWCCONSUMABLESCOST/>
      <VATEXPAMOUNT/>
      <VATASSBLVALUE/>
      <VATACCEPTEDTAXAMT/>
      <VATACCEPTEDADDLTAXAMT/>
      <CASHRECEIVED/>
      <CAPVATASSEABLEVALUE/>
      <CAPVATTAXVALUE/>
      <ORIGPURCHVALUE/>
      <SUPPLYMARGVAL/>
      <DENOMINATIONCOUNT2000X>0</DENOMINATIONCOUNT2000X>
      <DENOMINATIONCOUNT1000X>0</DENOMINATIONCOUNT1000X>
      <DENOMINATIONCOUNT500X>0</DENOMINATIONCOUNT500X>
      <DENOMINATIONCOUNT200X>0</DENOMINATIONCOUNT200X>
      <DENOMINATIONCOUNT100X>0</DENOMINATIONCOUNT100X>
      <DENOMINATIONCOUNT50X>0</DENOMINATIONCOUNT50X>
      <DENOMINATIONCOUNT20X>0</DENOMINATIONCOUNT20X>
      <DENOMINATIONCOUNT10X>0</DENOMINATIONCOUNT10X>
      <DENOMINATIONCOUNT5X>0</DENOMINATIONCOUNT5X>
      <DENOMINATIONCOUNT2X>0</DENOMINATIONCOUNT2X>
      <DENOMINATIONCOUNT1X>0</DENOMINATIONCOUNT1X>
      <DENOMINATIONAMOUNTOTHERS/>
      <CURRPARTYLEDGERNAME/>
      <TEMPVATCLASSIFICATION/>
      <VATGCCTAXAMOUNT/>
      <GSTCOMPDUTYAMOUNT/>
      <EXCISETEMPDUTYVAL/>
      <ISVATADJLEDGER/>
      <ISCLASSIFYMODIFY/>
      <VATASSESMENTATE>0</VATASSESMENTATE>
      <GSTLEDGERDISCOUNT/>
      <GVATLEDGEREXCISE/>
      <GSTDUTYAMOUNT/>
      <RBVATTAXAMOUNT/>
      <SALESCESSTAXAMOUNT/>
      <INVOICEROUNDINGDIFFVAL/>
      <SERVICETAXDETAILS.LIST>      </SERVICETAXDETAILS.LIST>
      <BANKALLOCATIONS.LIST>      </BANKALLOCATIONS.LIST>
      <BILLALLOCATIONS.LIST>      </BILLALLOCATIONS.LIST>
      <INTERESTCOLLECTION.LIST>      </INTERESTCOLLECTION.LIST>
      <OLDAUDITENTRIES.LIST>      </OLDAUDITENTRIES.LIST>
      <ACCOUNTAUDITENTRIES.LIST>      </ACCOUNTAUDITENTRIES.LIST>
      <AUDITENTRIES.LIST>      </AUDITENTRIES.LIST>
      <INPUTCRALLOCS.LIST>      </INPUTCRALLOCS.LIST>
      <DUTYHEADDETAILS.LIST>      </DUTYHEADDETAILS.LIST>
      <EXCISEDUTYHEADDETAILS.LIST>      </EXCISEDUTYHEADDETAILS.LIST>
      <RATEDETAILS.LIST>      </RATEDETAILS.LIST>
      <SUMMARYALLOCS.LIST>      </SUMMARYALLOCS.LIST>
      <STPYMTDETAILS.LIST>      </STPYMTDETAILS.LIST>
      <EXCISEPAYMENTALLOCATIONS.LIST>      </EXCISEPAYMENTALLOCATIONS.LIST>
      <TAXBILLALLOCATIONS.LIST>      </TAXBILLALLOCATIONS.LIST>
      <TAXOBJECTALLOCATIONS.LIST>      </TAXOBJECTALLOCATIONS.LIST>
      <TDSEXPENSEALLOCATIONS.LIST>      </TDSEXPENSEALLOCATIONS.LIST>
      <VATSTATUTORYDETAILS.LIST>      </VATSTATUTORYDETAILS.LIST>
      <COSTTRACKALLOCATIONS.LIST>      </COSTTRACKALLOCATIONS.LIST>
      <REFVOUCHERDETAILS.LIST>      </REFVOUCHERDETAILS.LIST>
      <INVOICEWISEDETAILS.LIST>      </INVOICEWISEDETAILS.LIST>
      <VATITCDETAILS.LIST>      </VATITCDETAILS.LIST>
      <ADVANCETAXDETAILS.LIST>      </ADVANCETAXDETAILS.LIST>
     </ALLLEDGERENTRIES.LIST>
     <PAYROLLMODEOFPAYMENT.LIST>     </PAYROLLMODEOFPAYMENT.LIST>
     <ATTDRECORDS.LIST>     </ATTDRECORDS.LIST>
     <GSTEWAYCONSIGNORADDRESS.LIST>     </GSTEWAYCONSIGNORADDRESS.LIST>
     <GSTEWAYCONSIGNEEADDRESS.LIST>     </GSTEWAYCONSIGNEEADDRESS.LIST>
     <TEMPGSTRATEDETAILS.LIST>     </TEMPGSTRATEDETAILS.LIST>
    </VOUCHER>
   </TALLYMESSAGE>
   <TALLYMESSAGE xmlns:UDF="TallyUDF">
    <VOUCHER REMOTEID="633426aa-4555-40a9-86ba-f65dada0bc63-0000019a" VCHKEY="633426aa-4555-40a9-86ba-f65dada0bc63-0000aa23:00000078" VCHTYPE="Purchase" ACTION="Create" OBJVIEW="Accounting Voucher View">
     <OLDAUDITENTRYIDS.LIST TYPE="Number">
      <OLDAUDITENTRYIDS>-1</OLDAUDITENTRYIDS>
     </OLDAUDITENTRYIDS.LIST>
     <ACTIVETO/>
     <ALTEREDON/>
     <DATE>20190401</DATE>
     <LUTDATEOFISSUE/>
     <LUTEXPIRYDATE/>
     <BONDDATEOFISSUE/>
     <BONDEXPIRYDATE/>
     <TAXCHEQUEDATE/>
     <TAXCHALLANDATE/>
     <RECONCILATIONDATE/>
     <FORM16ISSUEDATE/>
     <CSTFORMISSUEDATE/>
     <CSTFORMRECVDATE/>
     <CERTIFICATEDATE/>
     <FBTFROMDATE/>
     <FBTTODATE/>
     <RETURNINVOICEDATE/>
     <AGGREMENTORDERDATE/>
     <GOODSRCPTDATE/>
     <BILLOFENTRYDATE/>
     <LORRYRECPTDATE/>
     <TRANSSALELANDINGDATE/>
     <TRANSBUYERLANDINGDATE/>
     <CREDITLETTERDATE/>
     <AIRWAYBILLDATE/>
     <SHIPPINGBILLDATE/>
     <VATORDERDATE/>
     <INVDELIVERYDATE/>
     <REFERENCEDATE/>
     <BILLOFLADINGDATE/>
     <VATDEPOSITDATE/>
     <VATDOCUMENTDATE/>
     <VATCHALLANDATE/>
     <ECDATE/>
     <VATTDSDATE/>
     <VATPARTYTRANSRETURNDATE/>
     <ADJFROMDATE/>
     <ADJTODATE/>
     <VATDDCHEQUEDATE/>
     <TAXPAYPERIODFROMDATE/>
     <TAXPAYPERIODTODATE/>
     <STTAXCHALLANDATE/>
     <GSTCHALLANDATE/>
     <GSTCHALLANEXPIRYDATE/>
     <ADJPARTYINVOICEDATE/>
     <ADJPARTYPAYMENTDATE/>
     <PARTYORDERDATE/>
     <ADVANCERECEIPTDATE/>
     <REFUNDVOUCHERDATE/>
     <VATSUBMISSIONDATE/>
     <PARTYINVDATE/>
     <INSPDOCDATE/>
     <VATCANCINVDATE/>
     <VATGOODSRECEIPTDATE/>
     <VATCSTE1DATE/>
     <DISPATCHDATE/>
     <AUDITEDON/>
     <GUID>633426aa-4555-40a9-86ba-f65dada0bc63-0000019a</GUID>
     <STATENAME/>
     <GSTREGISTRATIONTYPE/>
     <VATDEALERTYPE/>
     <PRICELEVEL/>
     <TDSNATUREOFPAYMENT/>
     <AUTOCOSTLEVEL/>
     <NARRATION>IT-0001</NARRATION>
     <REQUESTORRULE/>
     <ALTEREDBY/>
     <COUNTRYOFRESIDENCE/>
     <IMPORTEREXPORTERCODE/>
     <PARTYGSTIN/>
     <NATUREOFSALES/>
     <EXCISENOTIFICATIONNO/>
     <LUTNUMBER/>
     <BONDNUMBER/>
     <AUTHORITYNAME/>
     <AUTHORITYADDRESS/>
     <TAXUNITNAME/>
     <EXCISEUNITNAME/>
     <CLASSNAME/>
     <POSCARDLEDGER/>
     <POSCASHLEDGER/>
     <POSGIFTLEDGER/>
     <POSCHEQUELEDGER/>
     <EXCISECLASSIFICATIONNAME/>
     <TDSSECTIONNO/>
     <TDSDEDNSTATUS/>
     <TAXBANKCHALLANNUMBER/>
     <TAXCHALLANBSRCODE/>
     <TAXCHEQUENUMBER/>
     <TAXBANKNAME/>
     <TAXBANKBRANCHNAME/>
     <PARTYNAME/>
     <VOUCHERTYPENAME>Purchase</VOUCHERTYPENAME>
     <REFERENCE/>
     <VOUCHERNUMBER>2</VOUCHERNUMBER>
     <PARTYLEDGERNAME/>
     <BASICBASEPARTYNAME/>
     <BASICVOUCHERCHEQUENAME/>
     <BASICVOUCHERCROSSCOMMENT/>
     <EXCHGCURRENCYNAME/>
     <SERIALMASTER/>
     <SERIALNUMBER/>
     <STATADJUSTMENTTYPE/>
     <STATPAYMENTTYPE/>
     <CONSIGNEEIECODE/>
     <SUPPLIERIECODE/>
     <ARESERIALMASTER/>
     <ARESERIALNUMBER/>
     <SUMAUTOVCHNUM/>
     <TAXBANKACCOUNTNUMBER/>
     <CSTFORMISSUETYPE/>
     <CSTFORMISSUENUMBER/>
     <CSTFORMRECVTYPE/>
     <CSTFORMRECVNUMBER/>
     <CONSIGNEECSTNUMBER/>
     <BUYERSCSTNUMBER/>
     <CSTFORMISSUESERIESNUM/>
     <CSTFORMRECVSERIESNUM/>
     <EXCISETREASURYNUMBER/>
     <EXCISETREASURYNAME/>
     <CERTIFICATETYPE/>
     <CERTIFICATENUMBER/>
     <AREFORMTYPE/>
     <DESTINATIONTAXUNIT/>
     <FBTPAYMENTTYPE>Default</FBTPAYMENTTYPE>
     <POSCARDNUMBER/>
     <POSCHEQUENUMBER/>
     <POSCHEQUEBANKNAME/>
     <TAXADJUSTMENT/>
     <CHALLANTYPE/>
     <CHEQUEDEPOSITORNAME/>
     <EXCISENOTIFICATIONSERIALNO/>
     <PERSISTEDVIEW>Accounting Voucher View</PERSISTEDVIEW>
     <EXCISETARIFFTYPE/>
     <CONSIGNEELBTREGNNO/>
     <CONSIGNEELBTZONE/>
     <SUPPLIERLBTREGNNO/>
     <SUPPLIERLBTZONE/>
     <LBTMAPPEDCATEGORY/>
     <LBTMAPPEDZONE/>
     <LBTNATUREOFLIABILITY/>
     <CASHPARTYPAN/>
     <CASHPARTYDEDTYPE/>
     <VCHTAXTYPE/>
     <PURPOSEOFPURCHASE/>
     <POINTOFTRANSACTION/>
     <TRANSPORTERNAME/>
     <TRANSPORTMODE/>
     <AGGREMENTORDERNO/>
     <FOREIGNSELLERNAME/>
     <EXPORTERCOUNTRY/>
     <BILLOFENTRYNO/>
     <GOODSVEHICLENUMBER/>
     <SHIPNAME/>
     <SHIPAGENTNAME/>
     <CLEARINGAGENTNAME/>
     <LORRYRECPTNO/>
     <CARRIERNAME/>
     <CREDITLETTERREF/>
     <AIRWAYBILLNO/>
     <SHIPPINGBILLNO/>
     <FWDAGENTNAME/>
     <VATORDERNO/>
     <VATSELLERTIN/>
     <TRANSSOURCEPLACE/>
     <TRANSCATEGORY/>
     <VATDOCUMENTTYPE/>
     <VATTRANSBILLQTY/>
     <VATTRANSBILLNO/>
     <BILLOFLADINGNO/>
     <VATPAIDAGAINST/>
     <VATBANKNAME/>
     <VATBANKBRANCH/>
     <VATDDCHEQUENO/>
     <VATADJUSTMENTTYPE/>
     <VATFORMSTATUS/>
     <VATDOCUMENTNUMBER/>
     <VATSOURCESTATE/>
     <VATDESTINATIONSTATE/>
     <VATDESTINATIONPLACE/>
     <VATPARTYORGTYPE/>
     <VATPARTYTYPE/>
     <VATCHALLANNUMBER/>
     <VATDESIGOFPURCHASER/>
     <VATPURCHASERCPTTYPE/>
     <VATGOODSRCPTNO/>
     <VATPARTYORGNAME/>
     <AIRPORTNAME/>
     <TDNOFAWARDER/>
     <ECNUMBER/>
     <ECISSUINGAUTHORITY/>
     <CONTRACTORTIN/>
     <VATTDSBARCODE/>
     <VATPYMTMODEOFDEPOSIT/>
     <VATPYMTTAXDESC/>
     <VATBANKACCNUMBER/>
     <VATBRANCHCODE/>
     <VATTRANSSOURCE/>
     <VATPARTYTRANSRETURNNUMBER/>
     <VATADJADDLDETAILS/>
     <VATBRANCHNAME/>
     <PRIORITYSTATECONFLICT/>
     <EICHECKPOST/>
     <PORTNAME/>
     <PORTCODE/>
     <VATEFORMAPPLICABLE/>
     <VATEFORMAPPLICABLENO/>
     <VATINCOURSEOF/>
     <VATDISPATCHTIME/>
     <VATTRANSPORTERADDRESS/>
     <VATCONTRACTEETDN/>
     <VATCONTRACTEEDISTRICT/>
     <VATCONTRACTEENAME/>
     <CONSUMERIDENTIFICATIONNUMBER/>
     <STTVCHRHANDLE/>
     <SRVTREGNUMBER/>
     <TAXPAYMENTTYPE/>
     <STTAXBANKCHALLANNUMBER/>
     <TYPEOFEXCISEVOUCHER/>
     <GSTBANKNAME/>
     <GSTBANKACCOUNTNUMBER/>
     <GSTBANKACCOUNTTYPE/>
     <GSTBANKACCOUNTHOLDER/>
     <GSTBANKBRANCHADDRESS/>
     <GSTBANKIFSCCODE/>
     <GSTBANKMICRCODE/>
     <GSTDEBITDOCNUMBER/>
     <GSTPYMTMODEOFDEPOSIT/>
     <GSTBANKBRANCHNAME/>
     <GSTINSTRUMENTNUMBER/>
     <GSTCHALLANNUMBER/>
     <GSTCPINNUMBER/>
     <GSTCINNUMBER/>
     <ADJPARTYGSTIN/>
     <ADJPARTYINVOICENO/>
     <GSTMERCHANTID/>
     <PARTYORDERNO/>
     <GSTITCREVERSALDETAILS/>
     <GSTNATUREOFRETURN/>
     <GSTITCDOCUMENTTYPE/>
     <GSTADDITIONALDETAILS/>
     <GSTACTIVITYSTATUS/>
     <GSTRECONSTATUS/>
     <GSTREASONFORREJECTION/>
     <PLACEOFSUPPLY/>
     <ADVANCERECEIPTNUMBER/>
     <REFUNDVOUCHERNUMBER/>
     <URDORIGINALSALEVALUE/>
     <VCHTAXUNIT/>
     <CONSIGNEEGSTIN/>
     <BASICSHIPPEDBY/>
     <BASICDESTINATIONCOUNTRY/>
     <BASICBUYERNAME/>
     <BASICPLACEOFRECEIPT/>
     <BASICSHIPDOCUMENTNO/>
     <BASICPORTOFLOADING/>
     <BASICPORTOFDISCHARGE/>
     <BASICFINALDESTINATION/>
     <BASICORDERREF/>
     <BASICSHIPVESSELNO/>
     <BASICBUYERSSALESTAXNO/>
     <BASICDUEDATEOFPYMT/>
     <BASICSERIALNUMINPLA/>
     <BASICDATETIMEOFINVOICE/>
     <BASICDATETIMEOFREMOVAL/>
     <BUYERADDRESSTYPE/>
     <PARTYADDRESSTYPE/>
     <MFGRADDRESSTYPE/>
     <TRANSPORTERADDRROOM/>
     <TRANSPORTERADDRBLDG/>
     <TRANSPORTERADDRROAD/>
     <TRANSPORTERADDRAREA/>
     <TRANSPORTERADDRTOWN/>
     <TRANSPORTERADDRDIST/>
     <TRANSPORTERADDRSTATE/>
     <TRANSPORTERADDRPINCODE/>
     <TRANSPORTERADDRPHONE/>
     <TRANSPORTERADDRFAX/>
     <TRANSPORTERVEHICLE2/>
     <TRANSPORTLOCALTIN/>
     <VATCFORMISSUESTATE/>
     <PLACEOFSUPPLYSTATE/>
     <PLACEOFSUPPLYCOUNTRY/>
     <EMIRATEPOS/>
     <VCHGSTCLASS/>
     <COSTCENTRENAME/>
     <ADDITIONALNARRATION/>
     <PARTYINVNO/>
     <INSPDOCNO/>
     <SETTLEMENTTYPE/>
     <VOUCHERTIME/>
     <HOLDREFERENCE/>
     <VATCANCINVNO/>
     <VATCANCPURCTIN/>
     <VATCANCPURCNAME/>
     <VATTYPEOFDEVICE/>
     <VATBRIEFDESCRIPTION/>
     <VATDEVICENO/>
     <BUYERPINNUMBER/>
     <VATEXPORTENTRYNO/>
     <CONSIGNEEPINNUMBER/>
     <VATEXEMPTCERTIFICATENO/>
     <VATVEHICLENUMBER/>
     <VATGOODSRECEIPTNUMBER/>
     <VATMOBILENUMBER/>
     <VATCSTE1SERIESNO/>
     <VATCSTE1SERIALNO/>
     <VATPERMITFORM/>
     <VATCERTIFICATENO/>
     <CONSIGNEECIRCLE/>
     <CONSIGNEECITY/>
     <CONSIGNEESTATENAME/>
     <CONSIGNEEPINCODE/>
     <CONSIGNEEMOBILENUMBER/>
     <CONSIGNEEOTHERS/>
     <CONSIGNEEMAIL/>
     <DELIVERYCITY/>
     <DELIVERYPINCODE/>
     <DELIVERYOTHERS/>
     <DELIVERYSTATE/>
     <DISPATCHCITY/>
     <DISPATCHPINCODE/>
     <DESTINATIONPERMITNUMBER/>
     <ENTRYCHECKPOSTLOCATION/>
     <EXITCHECKPOSTLOCATION/>
     <VATTDSDEDUCTORNAME/>
     <ENTEREDBY/>
     <VOUCHERTYPEORIGNAME>Purchase</VOUCHERTYPEORIGNAME>
     <DIFFACTUALQTY>No</DIFFACTUALQTY>
     <ISMSTFROMSYNC>No</ISMSTFROMSYNC>
     <ASORIGINAL>No</ASORIGINAL>
     <AUDITED>No</AUDITED>
     <FORJOBCOSTING>No</FORJOBCOSTING>
     <ISOPTIONAL>No</ISOPTIONAL>
     <EFFECTIVEDATE>20190401</EFFECTIVEDATE>
     <USEFOREXCISE>No</USEFOREXCISE>
     <ISFORJOBWORKIN>No</ISFORJOBWORKIN>
     <ALLOWCONSUMPTION>No</ALLOWCONSUMPTION>
     <USEFORINTEREST>No</USEFORINTEREST>
     <USEFORGAINLOSS>No</USEFORGAINLOSS>
     <USEFORGODOWNTRANSFER>No</USEFORGODOWNTRANSFER>
     <USEFORCOMPOUND>No</USEFORCOMPOUND>
     <USEFORSERVICETAX>No</USEFORSERVICETAX>
     <ISEXCISEVOUCHER>No</ISEXCISEVOUCHER>
     <EXCISETAXOVERRIDE>No</EXCISETAXOVERRIDE>
     <USEFORTAXUNITTRANSFER>No</USEFORTAXUNITTRANSFER>
     <IGNOREPOSVALIDATION>No</IGNOREPOSVALIDATION>
     <EXCISEOPENING>No</EXCISEOPENING>
     <USEFORFINALPRODUCTION>No</USEFORFINALPRODUCTION>
     <ISTDSOVERRIDDEN>No</ISTDSOVERRIDDEN>
     <ISTCSOVERRIDDEN>No</ISTCSOVERRIDDEN>
     <ISTDSTCSCASHVCH>No</ISTDSTCSCASHVCH>
     <INCLUDEADVPYMTVCH>No</INCLUDEADVPYMTVCH>
     <ISSUBWORKSCONTRACT>No</ISSUBWORKSCONTRACT>
     <ISVATOVERRIDDEN>No</ISVATOVERRIDDEN>
     <IGNOREORIGVCHDATE>No</IGNOREORIGVCHDATE>
     <ISVATPAIDATCUSTOMS>No</ISVATPAIDATCUSTOMS>
     <ISDECLAREDTOCUSTOMS>No</ISDECLAREDTOCUSTOMS>
     <ISSERVICETAXOVERRIDDEN>No</ISSERVICETAXOVERRIDDEN>
     <ISISDVOUCHER>No</ISISDVOUCHER>
     <ISEXCISEOVERRIDDEN>No</ISEXCISEOVERRIDDEN>
     <ISEXCISESUPPLYVCH>No</ISEXCISESUPPLYVCH>
     <ISGSTOVERRIDDEN>No</ISGSTOVERRIDDEN>
     <GSTNOTEXPORTED>No</GSTNOTEXPORTED>
     <IGNOREGSTINVALIDATION>No</IGNOREGSTINVALIDATION>
     <ISVATPRINCIPALACCOUNT>No</ISVATPRINCIPALACCOUNT>
     <ISBOENOTAPPLICABLE>No</ISBOENOTAPPLICABLE>
     <ISSHIPPINGWITHINSTATE>No</ISSHIPPINGWITHINSTATE>
     <ISOVERSEASTOURISTTRANS>No</ISOVERSEASTOURISTTRANS>
     <ISDESIGNATEDZONEPARTY>No</ISDESIGNATEDZONEPARTY>
     <ISCANCELLED>No</ISCANCELLED>
     <HASCASHFLOW>No</HASCASHFLOW>
     <ISPOSTDATED>No</ISPOSTDATED>
     <USETRACKINGNUMBER>No</USETRACKINGNUMBER>
     <ISINVOICE>No</ISINVOICE>
     <MFGJOURNAL>No</MFGJOURNAL>
     <HASDISCOUNTS>No</HASDISCOUNTS>
     <ASPAYSLIP>No</ASPAYSLIP>
     <ISCOSTCENTRE>No</ISCOSTCENTRE>
     <ISSTXNONREALIZEDVCH>No</ISSTXNONREALIZEDVCH>
     <ISEXCISEMANUFACTURERON>No</ISEXCISEMANUFACTURERON>
     <ISBLANKCHEQUE>No</ISBLANKCHEQUE>
     <ISVOID>No</ISVOID>
     <ISONHOLD>No</ISONHOLD>
     <ORDERLINESTATUS>No</ORDERLINESTATUS>
     <VATISAGNSTCANCSALES>No</VATISAGNSTCANCSALES>
     <VATISPURCEXEMPTED>No</VATISPURCEXEMPTED>
     <ISVATRESTAXINVOICE>No</ISVATRESTAXINVOICE>
     <VATISASSESABLECALCVCH>No</VATISASSESABLECALCVCH>
     <ISVATDUTYPAID>Yes</ISVATDUTYPAID>
     <ISDELIVERYSAMEASCONSIGNEE>No</ISDELIVERYSAMEASCONSIGNEE>
     <ISDISPATCHSAMEASCONSIGNOR>No</ISDISPATCHSAMEASCONSIGNOR>
     <ISDELETED>No</ISDELETED>
     <CHANGEVCHMODE>No</CHANGEVCHMODE>
     <ALTERID> 821</ALTERID>
     <MASTERID> 410</MASTERID>
     <VOUCHERKEY>187067300577400</VOUCHERKEY>
     <ECFEERATE>0</ECFEERATE>
     <VATCONSIGNMENTNO>0</VATCONSIGNMENTNO>
     <VATTDSRATE>0</VATTDSRATE>
     <BONDAMOUNT/>
     <POSCASHRECEIVED/>
     <CUSTOMDUTYPAID/>
     <VATPARTYITCCLAIMED/>
     <VATPARTYTAXLIABILITY/>
     <VALUEOFWORKSCONTRACT/>
     <ECFEEAMOUNT/>
     <ECFEEDEPOSITBYAWARDER/>
     <ECFEEDEPOSITBYCONTRACTOR/>
     <TDSDEDUCTED/>
     <VALUEOFSUBWORKSCONT/>
     <VATTDSAMT/>
     <ADJPARTYINVOICEVALUE/>
     <GSTINVASSESSABLEVALUE/>
     <VATGOODSVALUE/>
     <EXCHGRATE/>
     <PROCESSINGDURATION/>
     <TEMPGSTEWAYCONSIGNORADDRESSTYPE/>
     <TEMPGSTEWAYCONSIGNEEADDRESSTYPE/>
     <EIDEFAULTLED_ISZRBASICSERVICE/>
     <PREVBOMNAME/>
     <CURBOMNAME/>
     <COMMONNATUREOFPAYMENT/>
     <TEMPISVCHSUPPLFILLED/>
     <CURRPARTYLEDGERNAME/>
     <CURRBASICBUYERNAME/>
     <CURRPARTYNAME/>
     <CURRBUYERADDRESSTYPE/>
     <CURRPARTYADDRESSTYPE/>
     <CURRSTATENAME/>
     <CURRBASICPURCHASEORDERNO/>
     <CURRBASICSHIPDELIVERYNOTE/>
     <POSSTAXPARTYLEDGERNAME/>
     <ISCSTAGTFORMC/>
     <EIDEFAULTLED_ISUSERDEFINED/>
     <EIDEFAULTLED_CLASSNAME/>
     <EIDEFAULTLED_CLASSRATE>0</EIDEFAULTLED_CLASSRATE>
     <EIDEFAULTLED_CLASSADDLRATE>0</EIDEFAULTLED_CLASSADDLRATE>
     <TEMPVATCLASSIFICATION/>
     <ISATTDDATAPRESERVED/>
     <TEMPGSTEWAYBILLNUMBER/>
     <TEMPGSTEWAYBILLDATE/>
     <TEMPGSTEWAYSUBTYPE/>
     <TEMPGSTEWAYDOCUMENTTYPE/>
     <TEMPGSTEWAYSTATUS/>
     <TEMPGSTEWAYCONSIGNOR/>
     <TEMPGSTEWAYCONSIGNORADDRESS/>
     <TEMPGSTEWAYFROMPLACE/>
     <TEMPCONSIGNORPINCODENUMBER>0</TEMPCONSIGNORPINCODENUMBER>
     <TEMPGSTEWAYPINCODENUMBER>0</TEMPGSTEWAYPINCODENUMBER>
     <TEMPGSTEWAYPINCODE/>
     <TEMPGSTEWAYCONSIGNORTIN/>
     <TEMPGSTEWAYCONSIGNORSTATE/>
     <TEMPGSTEWAYCONSSHIPFROMSTATE/>
     <TEMPGSTEWAYCONSIGNEE/>
     <TEMPGSTEWAYCONSADDRESS/>
     <TEMPGSTEWAYCONSFROMPLACE/>
     <TEMPGSTEWAYCONSPINCODENUMBER>0</TEMPGSTEWAYCONSPINCODENUMBER>
     <TEMPCONSIGNEEPINCODENUMBER>0</TEMPCONSIGNEEPINCODENUMBER>
     <TEMPGSTEWAYCONSPINCODE/>
     <TEMPGSTEWAYCONSTIN/>
     <TEMPGSTEWAYCONSSTATE/>
     <TEMPGSTEWAYCONSSHIPTOSTATE/>
     <TEMPGSTEWAYTRANSPORTMODE/>
     <TEMPGSTEWAYDISTANCE>0</TEMPGSTEWAYDISTANCE>
     <TEMPGSTEWAYTRANSPORTERNAME/>
     <TEMPGSTEWAYVEHICLENUMBER/>
     <TEMPGSTEWAYTRANSPORTERID/>
     <TEMPGSTEWAYTRANSPORTERDOCNO/>
     <TEMPGSTEWAYTRANSPORTERDOCDATE/>
     <TEMPGSTEWAYVEHICLETYPE/>
     <TEMPGSTEWAYCONSBILLNUMBER/>
     <TEMPGSTEWAYCONSBILLDATE/>
     <TEMPISUSERDEFINEDCLASS/>
     <TEMPCLASSNATURE/>
     <TEMPGSTOVRDNINELIGIBLEITC/>
     <TEMPGSTOVRDNISREVCHARGEAPPL/>
     <TEMPGSTOVRDNTAXABILITY/>
     <TEMPGSTOVRDNISREVCHARGEAPPLSTR/>
     <TEMPGSTOVRDNINELIGIBLEITCSTR/>
     <EXCLUDEDTAXATIONS.LIST>     </EXCLUDEDTAXATIONS.LIST>
     <OLDAUDITENTRIES.LIST>     </OLDAUDITENTRIES.LIST>
     <ACCOUNTAUDITENTRIES.LIST>     </ACCOUNTAUDITENTRIES.LIST>
     <AUDITENTRIES.LIST>     </AUDITENTRIES.LIST>
     <DUTYHEADDETAILS.LIST>     </DUTYHEADDETAILS.LIST>
     <SUPPLEMENTARYDUTYHEADDETAILS.LIST>     </SUPPLEMENTARYDUTYHEADDETAILS.LIST>
     <EWAYBILLDETAILS.LIST>     </EWAYBILLDETAILS.LIST>
     <INVOICEDELNOTES.LIST>     </INVOICEDELNOTES.LIST>
     <INVOICEORDERLIST.LIST>     </INVOICEORDERLIST.LIST>
     <INVOICEINDENTLIST.LIST>     </INVOICEINDENTLIST.LIST>
     <ATTENDANCEENTRIES.LIST>     </ATTENDANCEENTRIES.LIST>
     <ORIGINVOICEDETAILS.LIST>     </ORIGINVOICEDETAILS.LIST>
     <INVOICEEXPORTLIST.LIST>     </INVOICEEXPORTLIST.LIST>
     <ALLLEDGERENTRIES.LIST>
      <OLDAUDITENTRYIDS.LIST TYPE="Number">
       <OLDAUDITENTRYIDS>-1</OLDAUDITENTRYIDS>
      </OLDAUDITENTRYIDS.LIST>
      <ORIGPURCHINVDATE/>
      <NARRATION/>
      <ADDLALLOCTYPE/>
      <TAXCLASSIFICATIONNAME/>
      <NOTIFICATIONSLNO/>
      <ROUNDTYPE/>
      <LEDGERNAME>Finessw Webtech Pvt Ltd.</LEDGERNAME>
      <TAXUNITNAME/>
      <STATNATURENAME/>
      <GOODSTYPE/>
      <METHODTYPE/>
      <CLASSRATE/>
      <STATCLASSIFICATIONNAME/>
      <EXCISECLASSIFICATIONNAME/>
      <ISZRBASICSERVICE/>
      <VATCOMMODITYNAME/>
      <SCHEDULE/>
      <SCHEDULESERIALNUMBER/>
      <VATCOMMODITYCODE/>
      <VATSUBCOMMODITYCODE/>
      <VATTRADENAME/>
      <VATMAJORCOMMODITYNAME/>
      <TDSPARTYNAME/>
      <VATPARTYORGNAME/>
      <XBRLADJTYPE/>
      <VOUCHERFBTCATEGORY/>
      <TYPEOFTAXPAYMENT/>
      <VATCALCULATIONTYPE/>
      <VATWORKSCONTRACTTYPE/>
      <VATWCDESCRIPTION/>
      <GSTCLASS/>
      <SCHVIADJTYPE/>
      <GSTOVRDNCLASSIFICATION/>
      <GSTOVRDNNATURE/>
      <GSTOVRDNINELIGIBLEITC/>
      <GSTOVRDNISREVCHARGEAPPL/>
      <GSTOVRDNTAXABILITY/>
      <VATGOODSNATURE/>
      <POSPAYMENTTYPE/>
      <GSTPARTYLEDGER/>
      <ORIGPURCHPARTY/>
      <ORIGPURCHPARTYADDRESS/>
      <ORIGPURCHINVNO/>
      <ORIGPURCHNOTE/>
      <ISDEEMEDPOSITIVE>Yes</ISDEEMEDPOSITIVE>
      <LEDGERFROMITEM>No</LEDGERFROMITEM>
      <REMOVEZEROENTRIES>No</REMOVEZEROENTRIES>
      <ISPARTYLEDGER>No</ISPARTYLEDGER>
      <ISLASTDEEMEDPOSITIVE>Yes</ISLASTDEEMEDPOSITIVE>
      <ISCAPVATTAXALTERED>No</ISCAPVATTAXALTERED>
      <ISCAPVATNOTCLAIMED>No</ISCAPVATNOTCLAIMED>
      <STCRADJPERCENT>0</STCRADJPERCENT>
      <ROUNDLIMIT>0</ROUNDLIMIT>
      <RATEOFADDLVAT>0</RATEOFADDLVAT>
      <RATEOFCESSONVAT>0</RATEOFCESSONVAT>
      <VATTAXRATE>0</VATTAXRATE>
      <VATITEMQTY>0</VATITEMQTY>
      <PREVINVTOTALNUM>0</PREVINVTOTALNUM>
      <VATWCDEDUCTIONRATE>0</VATWCDEDUCTIONRATE>
      <GSTTAXRATE>0</GSTTAXRATE>
      <ORIGINVGOODSQTY>0</ORIGINVGOODSQTY>
      <CAPVATTAXRATE>0</CAPVATTAXRATE>
      <AMOUNT>-6432.00</AMOUNT>
      <FBTEXEMPTAMOUNT/>
      <VATASSESSABLEVALUE/>
      <VATWCCOSTOFLAND/>
      <VATWCDEDLABOURCHARGES/>
      <VATWCOTHERDEDUCTIONAMT/>
      <VATWCVALUEOFTAXFREEGOODS/>
      <VATWCOTHERCHARGES/>
      <VATWCSUBCONTRACTORAMT/>
      <PREVAMOUNT/>
      <PREVINVTOTALAMT/>
      <VATWCDEDUCTIONAMOUNT/>
      <ORIGINVGOODSVALUE/>
      <CENVATCAPTINPUTAMT/>
      <GSTASSESSABLEVALUE/>
      <IGSTLIABILITY/>
      <CGSTLIABILITY/>
      <SGSTLIABILITY/>
      <GSTCESSLIABILITY/>
      <GSTOVRDNASSESSABLEVALUE/>
      <GSTASSBLVALUE/>
      <ORIGINVGOODSTAXVALUE/>
      <VATWCESTABLISHMENTCOST/>
      <VATWCCONTRACTORPROFIT/>
      <VATWCPLANNINGDESIGNFEES/>
      <VATWCMACHINERYTOOLSCHARGES/>
      <VATWCCONSUMABLESCOST/>
      <VATEXPAMOUNT/>
      <VATASSBLVALUE/>
      <VATACCEPTEDTAXAMT/>
      <VATACCEPTEDADDLTAXAMT/>
      <CASHRECEIVED/>
      <CAPVATASSEABLEVALUE/>
      <CAPVATTAXVALUE/>
      <ORIGPURCHVALUE/>
      <SUPPLYMARGVAL/>
      <DENOMINATIONCOUNT2000X>0</DENOMINATIONCOUNT2000X>
      <DENOMINATIONCOUNT1000X>0</DENOMINATIONCOUNT1000X>
      <DENOMINATIONCOUNT500X>0</DENOMINATIONCOUNT500X>
      <DENOMINATIONCOUNT200X>0</DENOMINATIONCOUNT200X>
      <DENOMINATIONCOUNT100X>0</DENOMINATIONCOUNT100X>
      <DENOMINATIONCOUNT50X>0</DENOMINATIONCOUNT50X>
      <DENOMINATIONCOUNT20X>0</DENOMINATIONCOUNT20X>
      <DENOMINATIONCOUNT10X>0</DENOMINATIONCOUNT10X>
      <DENOMINATIONCOUNT5X>0</DENOMINATIONCOUNT5X>
      <DENOMINATIONCOUNT2X>0</DENOMINATIONCOUNT2X>
      <DENOMINATIONCOUNT1X>0</DENOMINATIONCOUNT1X>
      <DENOMINATIONAMOUNTOTHERS/>
      <CURRPARTYLEDGERNAME/>
      <TEMPVATCLASSIFICATION/>
      <VATGCCTAXAMOUNT/>
      <GSTCOMPDUTYAMOUNT/>
      <EXCISETEMPDUTYVAL/>
      <ISVATADJLEDGER/>
      <ISCLASSIFYMODIFY/>
      <VATASSESMENTATE>0</VATASSESMENTATE>
      <GSTLEDGERDISCOUNT/>
      <GVATLEDGEREXCISE/>
      <GSTDUTYAMOUNT/>
      <RBVATTAXAMOUNT/>
      <SALESCESSTAXAMOUNT/>
      <INVOICEROUNDINGDIFFVAL/>
      <SERVICETAXDETAILS.LIST>      </SERVICETAXDETAILS.LIST>
      <BANKALLOCATIONS.LIST>      </BANKALLOCATIONS.LIST>
      <BILLALLOCATIONS.LIST>      </BILLALLOCATIONS.LIST>
      <INTERESTCOLLECTION.LIST>      </INTERESTCOLLECTION.LIST>
      <OLDAUDITENTRIES.LIST>      </OLDAUDITENTRIES.LIST>
      <ACCOUNTAUDITENTRIES.LIST>      </ACCOUNTAUDITENTRIES.LIST>
      <AUDITENTRIES.LIST>      </AUDITENTRIES.LIST>
      <INPUTCRALLOCS.LIST>      </INPUTCRALLOCS.LIST>
      <DUTYHEADDETAILS.LIST>      </DUTYHEADDETAILS.LIST>
      <EXCISEDUTYHEADDETAILS.LIST>      </EXCISEDUTYHEADDETAILS.LIST>
      <RATEDETAILS.LIST>      </RATEDETAILS.LIST>
      <SUMMARYALLOCS.LIST>      </SUMMARYALLOCS.LIST>
      <STPYMTDETAILS.LIST>      </STPYMTDETAILS.LIST>
      <EXCISEPAYMENTALLOCATIONS.LIST>      </EXCISEPAYMENTALLOCATIONS.LIST>
      <TAXBILLALLOCATIONS.LIST>      </TAXBILLALLOCATIONS.LIST>
      <TAXOBJECTALLOCATIONS.LIST>      </TAXOBJECTALLOCATIONS.LIST>
      <TDSEXPENSEALLOCATIONS.LIST>      </TDSEXPENSEALLOCATIONS.LIST>
      <VATSTATUTORYDETAILS.LIST>      </VATSTATUTORYDETAILS.LIST>
      <COSTTRACKALLOCATIONS.LIST>      </COSTTRACKALLOCATIONS.LIST>
      <REFVOUCHERDETAILS.LIST>      </REFVOUCHERDETAILS.LIST>
      <INVOICEWISEDETAILS.LIST>      </INVOICEWISEDETAILS.LIST>
      <VATITCDETAILS.LIST>      </VATITCDETAILS.LIST>
      <ADVANCETAXDETAILS.LIST>      </ADVANCETAXDETAILS.LIST>
     </ALLLEDGERENTRIES.LIST>
     <ALLLEDGERENTRIES.LIST>
      <OLDAUDITENTRYIDS.LIST TYPE="Number">
       <OLDAUDITENTRYIDS>-1</OLDAUDITENTRYIDS>
      </OLDAUDITENTRYIDS.LIST>
      <ORIGPURCHINVDATE/>
      <NARRATION/>
      <ADDLALLOCTYPE/>
      <TAXCLASSIFICATIONNAME/>
      <NOTIFICATIONSLNO/>
      <ROUNDTYPE/>
      <LEDGERNAME>Sundry Debtors</LEDGERNAME>
      <TAXUNITNAME/>
      <STATNATURENAME/>
      <GOODSTYPE/>
      <METHODTYPE/>
      <CLASSRATE/>
      <STATCLASSIFICATIONNAME/>
      <EXCISECLASSIFICATIONNAME/>
      <ISZRBASICSERVICE/>
      <VATCOMMODITYNAME/>
      <SCHEDULE/>
      <SCHEDULESERIALNUMBER/>
      <VATCOMMODITYCODE/>
      <VATSUBCOMMODITYCODE/>
      <VATTRADENAME/>
      <VATMAJORCOMMODITYNAME/>
      <TDSPARTYNAME/>
      <VATPARTYORGNAME/>
      <XBRLADJTYPE/>
      <VOUCHERFBTCATEGORY/>
      <TYPEOFTAXPAYMENT/>
      <VATCALCULATIONTYPE/>
      <VATWORKSCONTRACTTYPE/>
      <VATWCDESCRIPTION/>
      <GSTCLASS/>
      <SCHVIADJTYPE/>
      <GSTOVRDNCLASSIFICATION/>
      <GSTOVRDNNATURE/>
      <GSTOVRDNINELIGIBLEITC/>
      <GSTOVRDNISREVCHARGEAPPL/>
      <GSTOVRDNTAXABILITY/>
      <VATGOODSNATURE/>
      <POSPAYMENTTYPE/>
      <GSTPARTYLEDGER/>
      <ORIGPURCHPARTY/>
      <ORIGPURCHPARTYADDRESS/>
      <ORIGPURCHINVNO/>
      <ORIGPURCHNOTE/>
      <ISDEEMEDPOSITIVE>No</ISDEEMEDPOSITIVE>
      <LEDGERFROMITEM>No</LEDGERFROMITEM>
      <REMOVEZEROENTRIES>No</REMOVEZEROENTRIES>
      <ISPARTYLEDGER>No</ISPARTYLEDGER>
      <ISLASTDEEMEDPOSITIVE>No</ISLASTDEEMEDPOSITIVE>
      <ISCAPVATTAXALTERED>No</ISCAPVATTAXALTERED>
      <ISCAPVATNOTCLAIMED>No</ISCAPVATNOTCLAIMED>
      <STCRADJPERCENT>0</STCRADJPERCENT>
      <ROUNDLIMIT>0</ROUNDLIMIT>
      <RATEOFADDLVAT>0</RATEOFADDLVAT>
      <RATEOFCESSONVAT>0</RATEOFCESSONVAT>
      <VATTAXRATE>0</VATTAXRATE>
      <VATITEMQTY>0</VATITEMQTY>
      <PREVINVTOTALNUM>0</PREVINVTOTALNUM>
      <VATWCDEDUCTIONRATE>0</VATWCDEDUCTIONRATE>
      <GSTTAXRATE>0</GSTTAXRATE>
      <ORIGINVGOODSQTY>0</ORIGINVGOODSQTY>
      <CAPVATTAXRATE>0</CAPVATTAXRATE>
      <AMOUNT>6000.00</AMOUNT>
      <FBTEXEMPTAMOUNT/>
      <VATASSESSABLEVALUE/>
      <VATWCCOSTOFLAND/>
      <VATWCDEDLABOURCHARGES/>
      <VATWCOTHERDEDUCTIONAMT/>
      <VATWCVALUEOFTAXFREEGOODS/>
      <VATWCOTHERCHARGES/>
      <VATWCSUBCONTRACTORAMT/>
      <PREVAMOUNT/>
      <PREVINVTOTALAMT/>
      <VATWCDEDUCTIONAMOUNT/>
      <ORIGINVGOODSVALUE/>
      <CENVATCAPTINPUTAMT/>
      <GSTASSESSABLEVALUE/>
      <IGSTLIABILITY/>
      <CGSTLIABILITY/>
      <SGSTLIABILITY/>
      <GSTCESSLIABILITY/>
      <GSTOVRDNASSESSABLEVALUE/>
      <GSTASSBLVALUE/>
      <ORIGINVGOODSTAXVALUE/>
      <VATWCESTABLISHMENTCOST/>
      <VATWCCONTRACTORPROFIT/>
      <VATWCPLANNINGDESIGNFEES/>
      <VATWCMACHINERYTOOLSCHARGES/>
      <VATWCCONSUMABLESCOST/>
      <VATEXPAMOUNT/>
      <VATASSBLVALUE/>
      <VATACCEPTEDTAXAMT/>
      <VATACCEPTEDADDLTAXAMT/>
      <CASHRECEIVED/>
      <CAPVATASSEABLEVALUE/>
      <CAPVATTAXVALUE/>
      <ORIGPURCHVALUE/>
      <SUPPLYMARGVAL/>
      <DENOMINATIONCOUNT2000X>0</DENOMINATIONCOUNT2000X>
      <DENOMINATIONCOUNT1000X>0</DENOMINATIONCOUNT1000X>
      <DENOMINATIONCOUNT500X>0</DENOMINATIONCOUNT500X>
      <DENOMINATIONCOUNT200X>0</DENOMINATIONCOUNT200X>
      <DENOMINATIONCOUNT100X>0</DENOMINATIONCOUNT100X>
      <DENOMINATIONCOUNT50X>0</DENOMINATIONCOUNT50X>
      <DENOMINATIONCOUNT20X>0</DENOMINATIONCOUNT20X>
      <DENOMINATIONCOUNT10X>0</DENOMINATIONCOUNT10X>
      <DENOMINATIONCOUNT5X>0</DENOMINATIONCOUNT5X>
      <DENOMINATIONCOUNT2X>0</DENOMINATIONCOUNT2X>
      <DENOMINATIONCOUNT1X>0</DENOMINATIONCOUNT1X>
      <DENOMINATIONAMOUNTOTHERS/>
      <CURRPARTYLEDGERNAME/>
      <TEMPVATCLASSIFICATION/>
      <VATGCCTAXAMOUNT/>
      <GSTCOMPDUTYAMOUNT/>
      <EXCISETEMPDUTYVAL/>
      <ISVATADJLEDGER/>
      <ISCLASSIFYMODIFY/>
      <VATASSESMENTATE>0</VATASSESMENTATE>
      <GSTLEDGERDISCOUNT/>
      <GVATLEDGEREXCISE/>
      <GSTDUTYAMOUNT/>
      <RBVATTAXAMOUNT/>
      <SALESCESSTAXAMOUNT/>
      <INVOICEROUNDINGDIFFVAL/>
      <SERVICETAXDETAILS.LIST>      </SERVICETAXDETAILS.LIST>
      <BANKALLOCATIONS.LIST>      </BANKALLOCATIONS.LIST>
      <BILLALLOCATIONS.LIST>      </BILLALLOCATIONS.LIST>
      <INTERESTCOLLECTION.LIST>      </INTERESTCOLLECTION.LIST>
      <OLDAUDITENTRIES.LIST>      </OLDAUDITENTRIES.LIST>
      <ACCOUNTAUDITENTRIES.LIST>      </ACCOUNTAUDITENTRIES.LIST>
      <AUDITENTRIES.LIST>      </AUDITENTRIES.LIST>
      <INPUTCRALLOCS.LIST>      </INPUTCRALLOCS.LIST>
      <DUTYHEADDETAILS.LIST>      </DUTYHEADDETAILS.LIST>
      <EXCISEDUTYHEADDETAILS.LIST>      </EXCISEDUTYHEADDETAILS.LIST>
      <RATEDETAILS.LIST>      </RATEDETAILS.LIST>
      <SUMMARYALLOCS.LIST>      </SUMMARYALLOCS.LIST>
      <STPYMTDETAILS.LIST>      </STPYMTDETAILS.LIST>
      <EXCISEPAYMENTALLOCATIONS.LIST>      </EXCISEPAYMENTALLOCATIONS.LIST>
      <TAXBILLALLOCATIONS.LIST>      </TAXBILLALLOCATIONS.LIST>
      <TAXOBJECTALLOCATIONS.LIST>      </TAXOBJECTALLOCATIONS.LIST>
      <TDSEXPENSEALLOCATIONS.LIST>      </TDSEXPENSEALLOCATIONS.LIST>
      <VATSTATUTORYDETAILS.LIST>      </VATSTATUTORYDETAILS.LIST>
      <COSTTRACKALLOCATIONS.LIST>      </COSTTRACKALLOCATIONS.LIST>
      <REFVOUCHERDETAILS.LIST>      </REFVOUCHERDETAILS.LIST>
      <INVOICEWISEDETAILS.LIST>      </INVOICEWISEDETAILS.LIST>
      <VATITCDETAILS.LIST>      </VATITCDETAILS.LIST>
      <ADVANCETAXDETAILS.LIST>      </ADVANCETAXDETAILS.LIST>
     </ALLLEDGERENTRIES.LIST>
     <ALLLEDGERENTRIES.LIST>
      <OLDAUDITENTRYIDS.LIST TYPE="Number">
       <OLDAUDITENTRYIDS>-1</OLDAUDITENTRYIDS>
      </OLDAUDITENTRYIDS.LIST>
      <ORIGPURCHINVDATE/>
      <NARRATION/>
      <ADDLALLOCTYPE/>
      <TAXCLASSIFICATIONNAME/>
      <NOTIFICATIONSLNO/>
      <ROUNDTYPE/>
      <LEDGERNAME>Input CGST</LEDGERNAME>
      <TAXUNITNAME/>
      <STATNATURENAME/>
      <GOODSTYPE/>
      <METHODTYPE/>
      <CLASSRATE/>
      <STATCLASSIFICATIONNAME/>
      <EXCISECLASSIFICATIONNAME/>
      <ISZRBASICSERVICE/>
      <VATCOMMODITYNAME/>
      <SCHEDULE/>
      <SCHEDULESERIALNUMBER/>
      <VATCOMMODITYCODE/>
      <VATSUBCOMMODITYCODE/>
      <VATTRADENAME/>
      <VATMAJORCOMMODITYNAME/>
      <TDSPARTYNAME/>
      <VATPARTYORGNAME/>
      <XBRLADJTYPE/>
      <VOUCHERFBTCATEGORY/>
      <TYPEOFTAXPAYMENT/>
      <VATCALCULATIONTYPE/>
      <VATWORKSCONTRACTTYPE/>
      <VATWCDESCRIPTION/>
      <GSTCLASS/>
      <SCHVIADJTYPE/>
      <GSTOVRDNCLASSIFICATION/>
      <GSTOVRDNNATURE/>
      <GSTOVRDNINELIGIBLEITC/>
      <GSTOVRDNISREVCHARGEAPPL/>
      <GSTOVRDNTAXABILITY/>
      <VATGOODSNATURE/>
      <POSPAYMENTTYPE/>
      <GSTPARTYLEDGER/>
      <ORIGPURCHPARTY/>
      <ORIGPURCHPARTYADDRESS/>
      <ORIGPURCHINVNO/>
      <ORIGPURCHNOTE/>
      <ISDEEMEDPOSITIVE>No</ISDEEMEDPOSITIVE>
      <LEDGERFROMITEM>No</LEDGERFROMITEM>
      <REMOVEZEROENTRIES>No</REMOVEZEROENTRIES>
      <ISPARTYLEDGER>No</ISPARTYLEDGER>
      <ISLASTDEEMEDPOSITIVE>No</ISLASTDEEMEDPOSITIVE>
      <ISCAPVATTAXALTERED>No</ISCAPVATTAXALTERED>
      <ISCAPVATNOTCLAIMED>No</ISCAPVATNOTCLAIMED>
      <STCRADJPERCENT>0</STCRADJPERCENT>
      <ROUNDLIMIT>0</ROUNDLIMIT>
      <RATEOFADDLVAT>0</RATEOFADDLVAT>
      <RATEOFCESSONVAT>0</RATEOFCESSONVAT>
      <VATTAXRATE>0</VATTAXRATE>
      <VATITEMQTY>0</VATITEMQTY>
      <PREVINVTOTALNUM>0</PREVINVTOTALNUM>
      <VATWCDEDUCTIONRATE>0</VATWCDEDUCTIONRATE>
      <GSTTAXRATE>0</GSTTAXRATE>
      <ORIGINVGOODSQTY>0</ORIGINVGOODSQTY>
      <CAPVATTAXRATE>0</CAPVATTAXRATE>
      <AMOUNT>72.00</AMOUNT>
      <FBTEXEMPTAMOUNT/>
      <VATASSESSABLEVALUE/>
      <VATWCCOSTOFLAND/>
      <VATWCDEDLABOURCHARGES/>
      <VATWCOTHERDEDUCTIONAMT/>
      <VATWCVALUEOFTAXFREEGOODS/>
      <VATWCOTHERCHARGES/>
      <VATWCSUBCONTRACTORAMT/>
      <PREVAMOUNT/>
      <PREVINVTOTALAMT/>
      <VATWCDEDUCTIONAMOUNT/>
      <ORIGINVGOODSVALUE/>
      <CENVATCAPTINPUTAMT/>
      <GSTASSESSABLEVALUE/>
      <IGSTLIABILITY/>
      <CGSTLIABILITY/>
      <SGSTLIABILITY/>
      <GSTCESSLIABILITY/>
      <GSTOVRDNASSESSABLEVALUE/>
      <GSTASSBLVALUE/>
      <ORIGINVGOODSTAXVALUE/>
      <VATWCESTABLISHMENTCOST/>
      <VATWCCONTRACTORPROFIT/>
      <VATWCPLANNINGDESIGNFEES/>
      <VATWCMACHINERYTOOLSCHARGES/>
      <VATWCCONSUMABLESCOST/>
      <VATEXPAMOUNT/>
      <VATASSBLVALUE/>
      <VATACCEPTEDTAXAMT/>
      <VATACCEPTEDADDLTAXAMT/>
      <CASHRECEIVED/>
      <CAPVATASSEABLEVALUE/>
      <CAPVATTAXVALUE/>
      <ORIGPURCHVALUE/>
      <SUPPLYMARGVAL/>
      <DENOMINATIONCOUNT2000X>0</DENOMINATIONCOUNT2000X>
      <DENOMINATIONCOUNT1000X>0</DENOMINATIONCOUNT1000X>
      <DENOMINATIONCOUNT500X>0</DENOMINATIONCOUNT500X>
      <DENOMINATIONCOUNT200X>0</DENOMINATIONCOUNT200X>
      <DENOMINATIONCOUNT100X>0</DENOMINATIONCOUNT100X>
      <DENOMINATIONCOUNT50X>0</DENOMINATIONCOUNT50X>
      <DENOMINATIONCOUNT20X>0</DENOMINATIONCOUNT20X>
      <DENOMINATIONCOUNT10X>0</DENOMINATIONCOUNT10X>
      <DENOMINATIONCOUNT5X>0</DENOMINATIONCOUNT5X>
      <DENOMINATIONCOUNT2X>0</DENOMINATIONCOUNT2X>
      <DENOMINATIONCOUNT1X>0</DENOMINATIONCOUNT1X>
      <DENOMINATIONAMOUNTOTHERS/>
      <CURRPARTYLEDGERNAME/>
      <TEMPVATCLASSIFICATION/>
      <VATGCCTAXAMOUNT/>
      <GSTCOMPDUTYAMOUNT/>
      <EXCISETEMPDUTYVAL/>
      <ISVATADJLEDGER/>
      <ISCLASSIFYMODIFY/>
      <VATASSESMENTATE>0</VATASSESMENTATE>
      <GSTLEDGERDISCOUNT/>
      <GVATLEDGEREXCISE/>
      <GSTDUTYAMOUNT/>
      <RBVATTAXAMOUNT/>
      <SALESCESSTAXAMOUNT/>
      <INVOICEROUNDINGDIFFVAL/>
      <SERVICETAXDETAILS.LIST>      </SERVICETAXDETAILS.LIST>
      <BANKALLOCATIONS.LIST>      </BANKALLOCATIONS.LIST>
      <BILLALLOCATIONS.LIST>      </BILLALLOCATIONS.LIST>
      <INTERESTCOLLECTION.LIST>      </INTERESTCOLLECTION.LIST>
      <OLDAUDITENTRIES.LIST>      </OLDAUDITENTRIES.LIST>
      <ACCOUNTAUDITENTRIES.LIST>      </ACCOUNTAUDITENTRIES.LIST>
      <AUDITENTRIES.LIST>      </AUDITENTRIES.LIST>
      <INPUTCRALLOCS.LIST>      </INPUTCRALLOCS.LIST>
      <DUTYHEADDETAILS.LIST>      </DUTYHEADDETAILS.LIST>
      <EXCISEDUTYHEADDETAILS.LIST>      </EXCISEDUTYHEADDETAILS.LIST>
      <RATEDETAILS.LIST>      </RATEDETAILS.LIST>
      <SUMMARYALLOCS.LIST>      </SUMMARYALLOCS.LIST>
      <STPYMTDETAILS.LIST>      </STPYMTDETAILS.LIST>
      <EXCISEPAYMENTALLOCATIONS.LIST>      </EXCISEPAYMENTALLOCATIONS.LIST>
      <TAXBILLALLOCATIONS.LIST>      </TAXBILLALLOCATIONS.LIST>
      <TAXOBJECTALLOCATIONS.LIST>      </TAXOBJECTALLOCATIONS.LIST>
      <TDSEXPENSEALLOCATIONS.LIST>      </TDSEXPENSEALLOCATIONS.LIST>
      <VATSTATUTORYDETAILS.LIST>      </VATSTATUTORYDETAILS.LIST>
      <COSTTRACKALLOCATIONS.LIST>      </COSTTRACKALLOCATIONS.LIST>
      <REFVOUCHERDETAILS.LIST>      </REFVOUCHERDETAILS.LIST>
      <INVOICEWISEDETAILS.LIST>      </INVOICEWISEDETAILS.LIST>
      <VATITCDETAILS.LIST>      </VATITCDETAILS.LIST>
      <ADVANCETAXDETAILS.LIST>      </ADVANCETAXDETAILS.LIST>
     </ALLLEDGERENTRIES.LIST>
     <ALLLEDGERENTRIES.LIST>
      <OLDAUDITENTRYIDS.LIST TYPE="Number">
       <OLDAUDITENTRYIDS>-1</OLDAUDITENTRYIDS>
      </OLDAUDITENTRYIDS.LIST>
      <ORIGPURCHINVDATE/>
      <NARRATION/>
      <ADDLALLOCTYPE/>
      <TAXCLASSIFICATIONNAME/>
      <NOTIFICATIONSLNO/>
      <ROUNDTYPE/>
      <LEDGERNAME>Input SGST</LEDGERNAME>
      <TAXUNITNAME/>
      <STATNATURENAME/>
      <GOODSTYPE/>
      <METHODTYPE/>
      <CLASSRATE/>
      <STATCLASSIFICATIONNAME/>
      <EXCISECLASSIFICATIONNAME/>
      <ISZRBASICSERVICE/>
      <VATCOMMODITYNAME/>
      <SCHEDULE/>
      <SCHEDULESERIALNUMBER/>
      <VATCOMMODITYCODE/>
      <VATSUBCOMMODITYCODE/>
      <VATTRADENAME/>
      <VATMAJORCOMMODITYNAME/>
      <TDSPARTYNAME/>
      <VATPARTYORGNAME/>
      <XBRLADJTYPE/>
      <VOUCHERFBTCATEGORY/>
      <TYPEOFTAXPAYMENT/>
      <VATCALCULATIONTYPE/>
      <VATWORKSCONTRACTTYPE/>
      <VATWCDESCRIPTION/>
      <GSTCLASS/>
      <SCHVIADJTYPE/>
      <GSTOVRDNCLASSIFICATION/>
      <GSTOVRDNNATURE/>
      <GSTOVRDNINELIGIBLEITC/>
      <GSTOVRDNISREVCHARGEAPPL/>
      <GSTOVRDNTAXABILITY/>
      <VATGOODSNATURE/>
      <POSPAYMENTTYPE/>
      <GSTPARTYLEDGER/>
      <ORIGPURCHPARTY/>
      <ORIGPURCHPARTYADDRESS/>
      <ORIGPURCHINVNO/>
      <ORIGPURCHNOTE/>
      <ISDEEMEDPOSITIVE>No</ISDEEMEDPOSITIVE>
      <LEDGERFROMITEM>No</LEDGERFROMITEM>
      <REMOVEZEROENTRIES>No</REMOVEZEROENTRIES>
      <ISPARTYLEDGER>No</ISPARTYLEDGER>
      <ISLASTDEEMEDPOSITIVE>No</ISLASTDEEMEDPOSITIVE>
      <ISCAPVATTAXALTERED>No</ISCAPVATTAXALTERED>
      <ISCAPVATNOTCLAIMED>No</ISCAPVATNOTCLAIMED>
      <STCRADJPERCENT>0</STCRADJPERCENT>
      <ROUNDLIMIT>0</ROUNDLIMIT>
      <RATEOFADDLVAT>0</RATEOFADDLVAT>
      <RATEOFCESSONVAT>0</RATEOFCESSONVAT>
      <VATTAXRATE>0</VATTAXRATE>
      <VATITEMQTY>0</VATITEMQTY>
      <PREVINVTOTALNUM>0</PREVINVTOTALNUM>
      <VATWCDEDUCTIONRATE>0</VATWCDEDUCTIONRATE>
      <GSTTAXRATE>0</GSTTAXRATE>
      <ORIGINVGOODSQTY>0</ORIGINVGOODSQTY>
      <CAPVATTAXRATE>0</CAPVATTAXRATE>
      <AMOUNT>300.00</AMOUNT>
      <FBTEXEMPTAMOUNT/>
      <VATASSESSABLEVALUE/>
      <VATWCCOSTOFLAND/>
      <VATWCDEDLABOURCHARGES/>
      <VATWCOTHERDEDUCTIONAMT/>
      <VATWCVALUEOFTAXFREEGOODS/>
      <VATWCOTHERCHARGES/>
      <VATWCSUBCONTRACTORAMT/>
      <PREVAMOUNT/>
      <PREVINVTOTALAMT/>
      <VATWCDEDUCTIONAMOUNT/>
      <ORIGINVGOODSVALUE/>
      <CENVATCAPTINPUTAMT/>
      <GSTASSESSABLEVALUE/>
      <IGSTLIABILITY/>
      <CGSTLIABILITY/>
      <SGSTLIABILITY/>
      <GSTCESSLIABILITY/>
      <GSTOVRDNASSESSABLEVALUE/>
      <GSTASSBLVALUE/>
      <ORIGINVGOODSTAXVALUE/>
      <VATWCESTABLISHMENTCOST/>
      <VATWCCONTRACTORPROFIT/>
      <VATWCPLANNINGDESIGNFEES/>
      <VATWCMACHINERYTOOLSCHARGES/>
      <VATWCCONSUMABLESCOST/>
      <VATEXPAMOUNT/>
      <VATASSBLVALUE/>
      <VATACCEPTEDTAXAMT/>
      <VATACCEPTEDADDLTAXAMT/>
      <CASHRECEIVED/>
      <CAPVATASSEABLEVALUE/>
      <CAPVATTAXVALUE/>
      <ORIGPURCHVALUE/>
      <SUPPLYMARGVAL/>
      <DENOMINATIONCOUNT2000X>0</DENOMINATIONCOUNT2000X>
      <DENOMINATIONCOUNT1000X>0</DENOMINATIONCOUNT1000X>
      <DENOMINATIONCOUNT500X>0</DENOMINATIONCOUNT500X>
      <DENOMINATIONCOUNT200X>0</DENOMINATIONCOUNT200X>
      <DENOMINATIONCOUNT100X>0</DENOMINATIONCOUNT100X>
      <DENOMINATIONCOUNT50X>0</DENOMINATIONCOUNT50X>
      <DENOMINATIONCOUNT20X>0</DENOMINATIONCOUNT20X>
      <DENOMINATIONCOUNT10X>0</DENOMINATIONCOUNT10X>
      <DENOMINATIONCOUNT5X>0</DENOMINATIONCOUNT5X>
      <DENOMINATIONCOUNT2X>0</DENOMINATIONCOUNT2X>
      <DENOMINATIONCOUNT1X>0</DENOMINATIONCOUNT1X>
      <DENOMINATIONAMOUNTOTHERS/>
      <CURRPARTYLEDGERNAME/>
      <TEMPVATCLASSIFICATION/>
      <VATGCCTAXAMOUNT/>
      <GSTCOMPDUTYAMOUNT/>
      <EXCISETEMPDUTYVAL/>
      <ISVATADJLEDGER/>
      <ISCLASSIFYMODIFY/>
      <VATASSESMENTATE>0</VATASSESMENTATE>
      <GSTLEDGERDISCOUNT/>
      <GVATLEDGEREXCISE/>
      <GSTDUTYAMOUNT/>
      <RBVATTAXAMOUNT/>
      <SALESCESSTAXAMOUNT/>
      <INVOICEROUNDINGDIFFVAL/>
      <SERVICETAXDETAILS.LIST>      </SERVICETAXDETAILS.LIST>
      <BANKALLOCATIONS.LIST>      </BANKALLOCATIONS.LIST>
      <BILLALLOCATIONS.LIST>      </BILLALLOCATIONS.LIST>
      <INTERESTCOLLECTION.LIST>      </INTERESTCOLLECTION.LIST>
      <OLDAUDITENTRIES.LIST>      </OLDAUDITENTRIES.LIST>
      <ACCOUNTAUDITENTRIES.LIST>      </ACCOUNTAUDITENTRIES.LIST>
      <AUDITENTRIES.LIST>      </AUDITENTRIES.LIST>
      <INPUTCRALLOCS.LIST>      </INPUTCRALLOCS.LIST>
      <DUTYHEADDETAILS.LIST>      </DUTYHEADDETAILS.LIST>
      <EXCISEDUTYHEADDETAILS.LIST>      </EXCISEDUTYHEADDETAILS.LIST>
      <RATEDETAILS.LIST>      </RATEDETAILS.LIST>
      <SUMMARYALLOCS.LIST>      </SUMMARYALLOCS.LIST>
      <STPYMTDETAILS.LIST>      </STPYMTDETAILS.LIST>
      <EXCISEPAYMENTALLOCATIONS.LIST>      </EXCISEPAYMENTALLOCATIONS.LIST>
      <TAXBILLALLOCATIONS.LIST>      </TAXBILLALLOCATIONS.LIST>
      <TAXOBJECTALLOCATIONS.LIST>      </TAXOBJECTALLOCATIONS.LIST>
      <TDSEXPENSEALLOCATIONS.LIST>      </TDSEXPENSEALLOCATIONS.LIST>
      <VATSTATUTORYDETAILS.LIST>      </VATSTATUTORYDETAILS.LIST>
      <COSTTRACKALLOCATIONS.LIST>      </COSTTRACKALLOCATIONS.LIST>
      <REFVOUCHERDETAILS.LIST>      </REFVOUCHERDETAILS.LIST>
      <INVOICEWISEDETAILS.LIST>      </INVOICEWISEDETAILS.LIST>
      <VATITCDETAILS.LIST>      </VATITCDETAILS.LIST>
      <ADVANCETAXDETAILS.LIST>      </ADVANCETAXDETAILS.LIST>
     </ALLLEDGERENTRIES.LIST>
     <ALLLEDGERENTRIES.LIST>
      <OLDAUDITENTRYIDS.LIST TYPE="Number">
       <OLDAUDITENTRYIDS>-1</OLDAUDITENTRYIDS>
      </OLDAUDITENTRYIDS.LIST>
      <ORIGPURCHINVDATE/>
      <NARRATION/>
      <ADDLALLOCTYPE/>
      <TAXCLASSIFICATIONNAME/>
      <NOTIFICATIONSLNO/>
      <ROUNDTYPE/>
      <LEDGERNAME>Input IGST</LEDGERNAME>
      <TAXUNITNAME/>
      <STATNATURENAME/>
      <GOODSTYPE/>
      <METHODTYPE/>
      <CLASSRATE/>
      <STATCLASSIFICATIONNAME/>
      <EXCISECLASSIFICATIONNAME/>
      <ISZRBASICSERVICE/>
      <VATCOMMODITYNAME/>
      <SCHEDULE/>
      <SCHEDULESERIALNUMBER/>
      <VATCOMMODITYCODE/>
      <VATSUBCOMMODITYCODE/>
      <VATTRADENAME/>
      <VATMAJORCOMMODITYNAME/>
      <TDSPARTYNAME/>
      <VATPARTYORGNAME/>
      <XBRLADJTYPE/>
      <VOUCHERFBTCATEGORY/>
      <TYPEOFTAXPAYMENT/>
      <VATCALCULATIONTYPE/>
      <VATWORKSCONTRACTTYPE/>
      <VATWCDESCRIPTION/>
      <GSTCLASS/>
      <SCHVIADJTYPE/>
      <GSTOVRDNCLASSIFICATION/>
      <GSTOVRDNNATURE/>
      <GSTOVRDNINELIGIBLEITC/>
      <GSTOVRDNISREVCHARGEAPPL/>
      <GSTOVRDNTAXABILITY/>
      <VATGOODSNATURE/>
      <POSPAYMENTTYPE/>
      <GSTPARTYLEDGER/>
      <ORIGPURCHPARTY/>
      <ORIGPURCHPARTYADDRESS/>
      <ORIGPURCHINVNO/>
      <ORIGPURCHNOTE/>
      <ISDEEMEDPOSITIVE>No</ISDEEMEDPOSITIVE>
      <LEDGERFROMITEM>No</LEDGERFROMITEM>
      <REMOVEZEROENTRIES>No</REMOVEZEROENTRIES>
      <ISPARTYLEDGER>No</ISPARTYLEDGER>
      <ISLASTDEEMEDPOSITIVE>No</ISLASTDEEMEDPOSITIVE>
      <ISCAPVATTAXALTERED>No</ISCAPVATTAXALTERED>
      <ISCAPVATNOTCLAIMED>No</ISCAPVATNOTCLAIMED>
      <STCRADJPERCENT>0</STCRADJPERCENT>
      <ROUNDLIMIT>0</ROUNDLIMIT>
      <RATEOFADDLVAT>0</RATEOFADDLVAT>
      <RATEOFCESSONVAT>0</RATEOFCESSONVAT>
      <VATTAXRATE>0</VATTAXRATE>
      <VATITEMQTY>0</VATITEMQTY>
      <PREVINVTOTALNUM>0</PREVINVTOTALNUM>
      <VATWCDEDUCTIONRATE>0</VATWCDEDUCTIONRATE>
      <GSTTAXRATE>0</GSTTAXRATE>
      <ORIGINVGOODSQTY>0</ORIGINVGOODSQTY>
      <CAPVATTAXRATE>0</CAPVATTAXRATE>
      <AMOUNT>60.00</AMOUNT>
      <FBTEXEMPTAMOUNT/>
      <VATASSESSABLEVALUE/>
      <VATWCCOSTOFLAND/>
      <VATWCDEDLABOURCHARGES/>
      <VATWCOTHERDEDUCTIONAMT/>
      <VATWCVALUEOFTAXFREEGOODS/>
      <VATWCOTHERCHARGES/>
      <VATWCSUBCONTRACTORAMT/>
      <PREVAMOUNT/>
      <PREVINVTOTALAMT/>
      <VATWCDEDUCTIONAMOUNT/>
      <ORIGINVGOODSVALUE/>
      <CENVATCAPTINPUTAMT/>
      <GSTASSESSABLEVALUE/>
      <IGSTLIABILITY/>
      <CGSTLIABILITY/>
      <SGSTLIABILITY/>
      <GSTCESSLIABILITY/>
      <GSTOVRDNASSESSABLEVALUE/>
      <GSTASSBLVALUE/>
      <ORIGINVGOODSTAXVALUE/>
      <VATWCESTABLISHMENTCOST/>
      <VATWCCONTRACTORPROFIT/>
      <VATWCPLANNINGDESIGNFEES/>
      <VATWCMACHINERYTOOLSCHARGES/>
      <VATWCCONSUMABLESCOST/>
      <VATEXPAMOUNT/>
      <VATASSBLVALUE/>
      <VATACCEPTEDTAXAMT/>
      <VATACCEPTEDADDLTAXAMT/>
      <CASHRECEIVED/>
      <CAPVATASSEABLEVALUE/>
      <CAPVATTAXVALUE/>
      <ORIGPURCHVALUE/>
      <SUPPLYMARGVAL/>
      <DENOMINATIONCOUNT2000X>0</DENOMINATIONCOUNT2000X>
      <DENOMINATIONCOUNT1000X>0</DENOMINATIONCOUNT1000X>
      <DENOMINATIONCOUNT500X>0</DENOMINATIONCOUNT500X>
      <DENOMINATIONCOUNT200X>0</DENOMINATIONCOUNT200X>
      <DENOMINATIONCOUNT100X>0</DENOMINATIONCOUNT100X>
      <DENOMINATIONCOUNT50X>0</DENOMINATIONCOUNT50X>
      <DENOMINATIONCOUNT20X>0</DENOMINATIONCOUNT20X>
      <DENOMINATIONCOUNT10X>0</DENOMINATIONCOUNT10X>
      <DENOMINATIONCOUNT5X>0</DENOMINATIONCOUNT5X>
      <DENOMINATIONCOUNT2X>0</DENOMINATIONCOUNT2X>
      <DENOMINATIONCOUNT1X>0</DENOMINATIONCOUNT1X>
      <DENOMINATIONAMOUNTOTHERS/>
      <CURRPARTYLEDGERNAME/>
      <TEMPVATCLASSIFICATION/>
      <VATGCCTAXAMOUNT/>
      <GSTCOMPDUTYAMOUNT/>
      <EXCISETEMPDUTYVAL/>
      <ISVATADJLEDGER/>
      <ISCLASSIFYMODIFY/>
      <VATASSESMENTATE>0</VATASSESMENTATE>
      <GSTLEDGERDISCOUNT/>
      <GVATLEDGEREXCISE/>
      <GSTDUTYAMOUNT/>
      <RBVATTAXAMOUNT/>
      <SALESCESSTAXAMOUNT/>
      <INVOICEROUNDINGDIFFVAL/>
      <SERVICETAXDETAILS.LIST>      </SERVICETAXDETAILS.LIST>
      <BANKALLOCATIONS.LIST>      </BANKALLOCATIONS.LIST>
      <BILLALLOCATIONS.LIST>      </BILLALLOCATIONS.LIST>
      <INTERESTCOLLECTION.LIST>      </INTERESTCOLLECTION.LIST>
      <OLDAUDITENTRIES.LIST>      </OLDAUDITENTRIES.LIST>
      <ACCOUNTAUDITENTRIES.LIST>      </ACCOUNTAUDITENTRIES.LIST>
      <AUDITENTRIES.LIST>      </AUDITENTRIES.LIST>
      <INPUTCRALLOCS.LIST>      </INPUTCRALLOCS.LIST>
      <DUTYHEADDETAILS.LIST>      </DUTYHEADDETAILS.LIST>
      <EXCISEDUTYHEADDETAILS.LIST>      </EXCISEDUTYHEADDETAILS.LIST>
      <RATEDETAILS.LIST>      </RATEDETAILS.LIST>
      <SUMMARYALLOCS.LIST>      </SUMMARYALLOCS.LIST>
      <STPYMTDETAILS.LIST>      </STPYMTDETAILS.LIST>
      <EXCISEPAYMENTALLOCATIONS.LIST>      </EXCISEPAYMENTALLOCATIONS.LIST>
      <TAXBILLALLOCATIONS.LIST>      </TAXBILLALLOCATIONS.LIST>
      <TAXOBJECTALLOCATIONS.LIST>      </TAXOBJECTALLOCATIONS.LIST>
      <TDSEXPENSEALLOCATIONS.LIST>      </TDSEXPENSEALLOCATIONS.LIST>
      <VATSTATUTORYDETAILS.LIST>      </VATSTATUTORYDETAILS.LIST>
      <COSTTRACKALLOCATIONS.LIST>      </COSTTRACKALLOCATIONS.LIST>
      <REFVOUCHERDETAILS.LIST>      </REFVOUCHERDETAILS.LIST>
      <INVOICEWISEDETAILS.LIST>      </INVOICEWISEDETAILS.LIST>
      <VATITCDETAILS.LIST>      </VATITCDETAILS.LIST>
      <ADVANCETAXDETAILS.LIST>      </ADVANCETAXDETAILS.LIST>
     </ALLLEDGERENTRIES.LIST>
     <PAYROLLMODEOFPAYMENT.LIST>     </PAYROLLMODEOFPAYMENT.LIST>
     <ATTDRECORDS.LIST>     </ATTDRECORDS.LIST>
     <GSTEWAYCONSIGNORADDRESS.LIST>     </GSTEWAYCONSIGNORADDRESS.LIST>
     <GSTEWAYCONSIGNEEADDRESS.LIST>     </GSTEWAYCONSIGNEEADDRESS.LIST>
     <TEMPGSTRATEDETAILS.LIST>     </TEMPGSTRATEDETAILS.LIST>
    </VOUCHER>
   </TALLYMESSAGE>
   <TALLYMESSAGE xmlns:UDF="TallyUDF">
    <VOUCHER REMOTEID="633426aa-4555-40a9-86ba-f65dada0bc63-0000019b" VCHKEY="633426aa-4555-40a9-86ba-f65dada0bc63-0000aa41:00000060" VCHTYPE="Purchase" ACTION="Create" OBJVIEW="Accounting Voucher View">
     <OLDAUDITENTRYIDS.LIST TYPE="Number">
      <OLDAUDITENTRYIDS>-1</OLDAUDITENTRYIDS>
     </OLDAUDITENTRYIDS.LIST>
     <ACTIVETO/>
     <ALTEREDON/>
     <DATE>20190501</DATE>
     <LUTDATEOFISSUE/>
     <LUTEXPIRYDATE/>
     <BONDDATEOFISSUE/>
     <BONDEXPIRYDATE/>
     <TAXCHEQUEDATE/>
     <TAXCHALLANDATE/>
     <RECONCILATIONDATE/>
     <FORM16ISSUEDATE/>
     <CSTFORMISSUEDATE/>
     <CSTFORMRECVDATE/>
     <CERTIFICATEDATE/>
     <FBTFROMDATE/>
     <FBTTODATE/>
     <RETURNINVOICEDATE/>
     <AGGREMENTORDERDATE/>
     <GOODSRCPTDATE/>
     <BILLOFENTRYDATE/>
     <LORRYRECPTDATE/>
     <TRANSSALELANDINGDATE/>
     <TRANSBUYERLANDINGDATE/>
     <CREDITLETTERDATE/>
     <AIRWAYBILLDATE/>
     <SHIPPINGBILLDATE/>
     <VATORDERDATE/>
     <INVDELIVERYDATE/>
     <REFERENCEDATE/>
     <BILLOFLADINGDATE/>
     <VATDEPOSITDATE/>
     <VATDOCUMENTDATE/>
     <VATCHALLANDATE/>
     <ECDATE/>
     <VATTDSDATE/>
     <VATPARTYTRANSRETURNDATE/>
     <ADJFROMDATE/>
     <ADJTODATE/>
     <VATDDCHEQUEDATE/>
     <TAXPAYPERIODFROMDATE/>
     <TAXPAYPERIODTODATE/>
     <STTAXCHALLANDATE/>
     <GSTCHALLANDATE/>
     <GSTCHALLANEXPIRYDATE/>
     <ADJPARTYINVOICEDATE/>
     <ADJPARTYPAYMENTDATE/>
     <PARTYORDERDATE/>
     <ADVANCERECEIPTDATE/>
     <REFUNDVOUCHERDATE/>
     <VATSUBMISSIONDATE/>
     <PARTYINVDATE/>
     <INSPDOCDATE/>
     <VATCANCINVDATE/>
     <VATGOODSRECEIPTDATE/>
     <VATCSTE1DATE/>
     <DISPATCHDATE/>
     <AUDITEDON/>
     <GUID>633426aa-4555-40a9-86ba-f65dada0bc63-0000019b</GUID>
     <STATENAME/>
     <GSTREGISTRATIONTYPE/>
     <VATDEALERTYPE/>
     <PRICELEVEL/>
     <TDSNATUREOFPAYMENT/>
     <AUTOCOSTLEVEL/>
     <NARRATION>IT-0001</NARRATION>
     <REQUESTORRULE/>
     <ALTEREDBY/>
     <COUNTRYOFRESIDENCE/>
     <IMPORTEREXPORTERCODE/>
     <PARTYGSTIN/>
     <NATUREOFSALES/>
     <EXCISENOTIFICATIONNO/>
     <LUTNUMBER/>
     <BONDNUMBER/>
     <AUTHORITYNAME/>
     <AUTHORITYADDRESS/>
     <TAXUNITNAME/>
     <EXCISEUNITNAME/>
     <CLASSNAME/>
     <POSCARDLEDGER/>
     <POSCASHLEDGER/>
     <POSGIFTLEDGER/>
     <POSCHEQUELEDGER/>
     <EXCISECLASSIFICATIONNAME/>
     <TDSSECTIONNO/>
     <TDSDEDNSTATUS/>
     <TAXBANKCHALLANNUMBER/>
     <TAXCHALLANBSRCODE/>
     <TAXCHEQUENUMBER/>
     <TAXBANKNAME/>
     <TAXBANKBRANCHNAME/>
     <PARTYNAME/>
     <VOUCHERTYPENAME>Purchase</VOUCHERTYPENAME>
     <REFERENCE/>
     <VOUCHERNUMBER>3</VOUCHERNUMBER>
     <PARTYLEDGERNAME/>
     <BASICBASEPARTYNAME/>
     <BASICVOUCHERCHEQUENAME/>
     <BASICVOUCHERCROSSCOMMENT/>
     <EXCHGCURRENCYNAME/>
     <SERIALMASTER/>
     <SERIALNUMBER/>
     <STATADJUSTMENTTYPE/>
     <STATPAYMENTTYPE/>
     <CONSIGNEEIECODE/>
     <SUPPLIERIECODE/>
     <ARESERIALMASTER/>
     <ARESERIALNUMBER/>
     <SUMAUTOVCHNUM/>
     <TAXBANKACCOUNTNUMBER/>
     <CSTFORMISSUETYPE/>
     <CSTFORMISSUENUMBER/>
     <CSTFORMRECVTYPE/>
     <CSTFORMRECVNUMBER/>
     <CONSIGNEECSTNUMBER/>
     <BUYERSCSTNUMBER/>
     <CSTFORMISSUESERIESNUM/>
     <CSTFORMRECVSERIESNUM/>
     <EXCISETREASURYNUMBER/>
     <EXCISETREASURYNAME/>
     <CERTIFICATETYPE/>
     <CERTIFICATENUMBER/>
     <AREFORMTYPE/>
     <DESTINATIONTAXUNIT/>
     <FBTPAYMENTTYPE>Default</FBTPAYMENTTYPE>
     <POSCARDNUMBER/>
     <POSCHEQUENUMBER/>
     <POSCHEQUEBANKNAME/>
     <TAXADJUSTMENT/>
     <CHALLANTYPE/>
     <CHEQUEDEPOSITORNAME/>
     <EXCISENOTIFICATIONSERIALNO/>
     <PERSISTEDVIEW>Accounting Voucher View</PERSISTEDVIEW>
     <EXCISETARIFFTYPE/>
     <CONSIGNEELBTREGNNO/>
     <CONSIGNEELBTZONE/>
     <SUPPLIERLBTREGNNO/>
     <SUPPLIERLBTZONE/>
     <LBTMAPPEDCATEGORY/>
     <LBTMAPPEDZONE/>
     <LBTNATUREOFLIABILITY/>
     <CASHPARTYPAN/>
     <CASHPARTYDEDTYPE/>
     <VCHTAXTYPE/>
     <PURPOSEOFPURCHASE/>
     <POINTOFTRANSACTION/>
     <TRANSPORTERNAME/>
     <TRANSPORTMODE/>
     <AGGREMENTORDERNO/>
     <FOREIGNSELLERNAME/>
     <EXPORTERCOUNTRY/>
     <BILLOFENTRYNO/>
     <GOODSVEHICLENUMBER/>
     <SHIPNAME/>
     <SHIPAGENTNAME/>
     <CLEARINGAGENTNAME/>
     <LORRYRECPTNO/>
     <CARRIERNAME/>
     <CREDITLETTERREF/>
     <AIRWAYBILLNO/>
     <SHIPPINGBILLNO/>
     <FWDAGENTNAME/>
     <VATORDERNO/>
     <VATSELLERTIN/>
     <TRANSSOURCEPLACE/>
     <TRANSCATEGORY/>
     <VATDOCUMENTTYPE/>
     <VATTRANSBILLQTY/>
     <VATTRANSBILLNO/>
     <BILLOFLADINGNO/>
     <VATPAIDAGAINST/>
     <VATBANKNAME/>
     <VATBANKBRANCH/>
     <VATDDCHEQUENO/>
     <VATADJUSTMENTTYPE/>
     <VATFORMSTATUS/>
     <VATDOCUMENTNUMBER/>
     <VATSOURCESTATE/>
     <VATDESTINATIONSTATE/>
     <VATDESTINATIONPLACE/>
     <VATPARTYORGTYPE/>
     <VATPARTYTYPE/>
     <VATCHALLANNUMBER/>
     <VATDESIGOFPURCHASER/>
     <VATPURCHASERCPTTYPE/>
     <VATGOODSRCPTNO/>
     <VATPARTYORGNAME/>
     <AIRPORTNAME/>
     <TDNOFAWARDER/>
     <ECNUMBER/>
     <ECISSUINGAUTHORITY/>
     <CONTRACTORTIN/>
     <VATTDSBARCODE/>
     <VATPYMTMODEOFDEPOSIT/>
     <VATPYMTTAXDESC/>
     <VATBANKACCNUMBER/>
     <VATBRANCHCODE/>
     <VATTRANSSOURCE/>
     <VATPARTYTRANSRETURNNUMBER/>
     <VATADJADDLDETAILS/>
     <VATBRANCHNAME/>
     <PRIORITYSTATECONFLICT/>
     <EICHECKPOST/>
     <PORTNAME/>
     <PORTCODE/>
     <VATEFORMAPPLICABLE/>
     <VATEFORMAPPLICABLENO/>
     <VATINCOURSEOF/>
     <VATDISPATCHTIME/>
     <VATTRANSPORTERADDRESS/>
     <VATCONTRACTEETDN/>
     <VATCONTRACTEEDISTRICT/>
     <VATCONTRACTEENAME/>
     <CONSUMERIDENTIFICATIONNUMBER/>
     <STTVCHRHANDLE/>
     <SRVTREGNUMBER/>
     <TAXPAYMENTTYPE/>
     <STTAXBANKCHALLANNUMBER/>
     <TYPEOFEXCISEVOUCHER/>
     <GSTBANKNAME/>
     <GSTBANKACCOUNTNUMBER/>
     <GSTBANKACCOUNTTYPE/>
     <GSTBANKACCOUNTHOLDER/>
     <GSTBANKBRANCHADDRESS/>
     <GSTBANKIFSCCODE/>
     <GSTBANKMICRCODE/>
     <GSTDEBITDOCNUMBER/>
     <GSTPYMTMODEOFDEPOSIT/>
     <GSTBANKBRANCHNAME/>
     <GSTINSTRUMENTNUMBER/>
     <GSTCHALLANNUMBER/>
     <GSTCPINNUMBER/>
     <GSTCINNUMBER/>
     <ADJPARTYGSTIN/>
     <ADJPARTYINVOICENO/>
     <GSTMERCHANTID/>
     <PARTYORDERNO/>
     <GSTITCREVERSALDETAILS/>
     <GSTNATUREOFRETURN/>
     <GSTITCDOCUMENTTYPE/>
     <GSTADDITIONALDETAILS/>
     <GSTACTIVITYSTATUS/>
     <GSTRECONSTATUS/>
     <GSTREASONFORREJECTION/>
     <PLACEOFSUPPLY/>
     <ADVANCERECEIPTNUMBER/>
     <REFUNDVOUCHERNUMBER/>
     <URDORIGINALSALEVALUE/>
     <VCHTAXUNIT/>
     <CONSIGNEEGSTIN/>
     <BASICSHIPPEDBY/>
     <BASICDESTINATIONCOUNTRY/>
     <BASICBUYERNAME/>
     <BASICPLACEOFRECEIPT/>
     <BASICSHIPDOCUMENTNO/>
     <BASICPORTOFLOADING/>
     <BASICPORTOFDISCHARGE/>
     <BASICFINALDESTINATION/>
     <BASICORDERREF/>
     <BASICSHIPVESSELNO/>
     <BASICBUYERSSALESTAXNO/>
     <BASICDUEDATEOFPYMT/>
     <BASICSERIALNUMINPLA/>
     <BASICDATETIMEOFINVOICE/>
     <BASICDATETIMEOFREMOVAL/>
     <BUYERADDRESSTYPE/>
     <PARTYADDRESSTYPE/>
     <MFGRADDRESSTYPE/>
     <TRANSPORTERADDRROOM/>
     <TRANSPORTERADDRBLDG/>
     <TRANSPORTERADDRROAD/>
     <TRANSPORTERADDRAREA/>
     <TRANSPORTERADDRTOWN/>
     <TRANSPORTERADDRDIST/>
     <TRANSPORTERADDRSTATE/>
     <TRANSPORTERADDRPINCODE/>
     <TRANSPORTERADDRPHONE/>
     <TRANSPORTERADDRFAX/>
     <TRANSPORTERVEHICLE2/>
     <TRANSPORTLOCALTIN/>
     <VATCFORMISSUESTATE/>
     <PLACEOFSUPPLYSTATE/>
     <PLACEOFSUPPLYCOUNTRY/>
     <EMIRATEPOS/>
     <VCHGSTCLASS/>
     <COSTCENTRENAME/>
     <ADDITIONALNARRATION/>
     <PARTYINVNO/>
     <INSPDOCNO/>
     <SETTLEMENTTYPE/>
     <VOUCHERTIME/>
     <HOLDREFERENCE/>
     <VATCANCINVNO/>
     <VATCANCPURCTIN/>
     <VATCANCPURCNAME/>
     <VATTYPEOFDEVICE/>
     <VATBRIEFDESCRIPTION/>
     <VATDEVICENO/>
     <BUYERPINNUMBER/>
     <VATEXPORTENTRYNO/>
     <CONSIGNEEPINNUMBER/>
     <VATEXEMPTCERTIFICATENO/>
     <VATVEHICLENUMBER/>
     <VATGOODSRECEIPTNUMBER/>
     <VATMOBILENUMBER/>
     <VATCSTE1SERIESNO/>
     <VATCSTE1SERIALNO/>
     <VATPERMITFORM/>
     <VATCERTIFICATENO/>
     <CONSIGNEECIRCLE/>
     <CONSIGNEECITY/>
     <CONSIGNEESTATENAME/>
     <CONSIGNEEPINCODE/>
     <CONSIGNEEMOBILENUMBER/>
     <CONSIGNEEOTHERS/>
     <CONSIGNEEMAIL/>
     <DELIVERYCITY/>
     <DELIVERYPINCODE/>
     <DELIVERYOTHERS/>
     <DELIVERYSTATE/>
     <DISPATCHCITY/>
     <DISPATCHPINCODE/>
     <DESTINATIONPERMITNUMBER/>
     <ENTRYCHECKPOSTLOCATION/>
     <EXITCHECKPOSTLOCATION/>
     <VATTDSDEDUCTORNAME/>
     <ENTEREDBY/>
     <VOUCHERTYPEORIGNAME>Purchase</VOUCHERTYPEORIGNAME>
     <DIFFACTUALQTY>No</DIFFACTUALQTY>
     <ISMSTFROMSYNC>No</ISMSTFROMSYNC>
     <ASORIGINAL>No</ASORIGINAL>
     <AUDITED>No</AUDITED>
     <FORJOBCOSTING>No</FORJOBCOSTING>
     <ISOPTIONAL>No</ISOPTIONAL>
     <EFFECTIVEDATE>20190501</EFFECTIVEDATE>
     <USEFOREXCISE>No</USEFOREXCISE>
     <ISFORJOBWORKIN>No</ISFORJOBWORKIN>
     <ALLOWCONSUMPTION>No</ALLOWCONSUMPTION>
     <USEFORINTEREST>No</USEFORINTEREST>
     <USEFORGAINLOSS>No</USEFORGAINLOSS>
     <USEFORGODOWNTRANSFER>No</USEFORGODOWNTRANSFER>
     <USEFORCOMPOUND>No</USEFORCOMPOUND>
     <USEFORSERVICETAX>No</USEFORSERVICETAX>
     <ISEXCISEVOUCHER>No</ISEXCISEVOUCHER>
     <EXCISETAXOVERRIDE>No</EXCISETAXOVERRIDE>
     <USEFORTAXUNITTRANSFER>No</USEFORTAXUNITTRANSFER>
     <IGNOREPOSVALIDATION>No</IGNOREPOSVALIDATION>
     <EXCISEOPENING>No</EXCISEOPENING>
     <USEFORFINALPRODUCTION>No</USEFORFINALPRODUCTION>
     <ISTDSOVERRIDDEN>No</ISTDSOVERRIDDEN>
     <ISTCSOVERRIDDEN>No</ISTCSOVERRIDDEN>
     <ISTDSTCSCASHVCH>No</ISTDSTCSCASHVCH>
     <INCLUDEADVPYMTVCH>No</INCLUDEADVPYMTVCH>
     <ISSUBWORKSCONTRACT>No</ISSUBWORKSCONTRACT>
     <ISVATOVERRIDDEN>No</ISVATOVERRIDDEN>
     <IGNOREORIGVCHDATE>No</IGNOREORIGVCHDATE>
     <ISVATPAIDATCUSTOMS>No</ISVATPAIDATCUSTOMS>
     <ISDECLAREDTOCUSTOMS>No</ISDECLAREDTOCUSTOMS>
     <ISSERVICETAXOVERRIDDEN>No</ISSERVICETAXOVERRIDDEN>
     <ISISDVOUCHER>No</ISISDVOUCHER>
     <ISEXCISEOVERRIDDEN>No</ISEXCISEOVERRIDDEN>
     <ISEXCISESUPPLYVCH>No</ISEXCISESUPPLYVCH>
     <ISGSTOVERRIDDEN>No</ISGSTOVERRIDDEN>
     <GSTNOTEXPORTED>No</GSTNOTEXPORTED>
     <IGNOREGSTINVALIDATION>No</IGNOREGSTINVALIDATION>
     <ISVATPRINCIPALACCOUNT>No</ISVATPRINCIPALACCOUNT>
     <ISBOENOTAPPLICABLE>No</ISBOENOTAPPLICABLE>
     <ISSHIPPINGWITHINSTATE>No</ISSHIPPINGWITHINSTATE>
     <ISOVERSEASTOURISTTRANS>No</ISOVERSEASTOURISTTRANS>
     <ISDESIGNATEDZONEPARTY>No</ISDESIGNATEDZONEPARTY>
     <ISCANCELLED>No</ISCANCELLED>
     <HASCASHFLOW>No</HASCASHFLOW>
     <ISPOSTDATED>No</ISPOSTDATED>
     <USETRACKINGNUMBER>No</USETRACKINGNUMBER>
     <ISINVOICE>No</ISINVOICE>
     <MFGJOURNAL>No</MFGJOURNAL>
     <HASDISCOUNTS>No</HASDISCOUNTS>
     <ASPAYSLIP>No</ASPAYSLIP>
     <ISCOSTCENTRE>No</ISCOSTCENTRE>
     <ISSTXNONREALIZEDVCH>No</ISSTXNONREALIZEDVCH>
     <ISEXCISEMANUFACTURERON>No</ISEXCISEMANUFACTURERON>
     <ISBLANKCHEQUE>No</ISBLANKCHEQUE>
     <ISVOID>No</ISVOID>
     <ISONHOLD>No</ISONHOLD>
     <ORDERLINESTATUS>No</ORDERLINESTATUS>
     <VATISAGNSTCANCSALES>No</VATISAGNSTCANCSALES>
     <VATISPURCEXEMPTED>No</VATISPURCEXEMPTED>
     <ISVATRESTAXINVOICE>No</ISVATRESTAXINVOICE>
     <VATISASSESABLECALCVCH>No</VATISASSESABLECALCVCH>
     <ISVATDUTYPAID>Yes</ISVATDUTYPAID>
     <ISDELIVERYSAMEASCONSIGNEE>No</ISDELIVERYSAMEASCONSIGNEE>
     <ISDISPATCHSAMEASCONSIGNOR>No</ISDISPATCHSAMEASCONSIGNOR>
     <ISDELETED>No</ISDELETED>
     <CHANGEVCHMODE>No</CHANGEVCHMODE>
     <ALTERID> 822</ALTERID>
     <MASTERID> 411</MASTERID>
     <VOUCHERKEY>187196149596256</VOUCHERKEY>
     <ECFEERATE>0</ECFEERATE>
     <VATCONSIGNMENTNO>0</VATCONSIGNMENTNO>
     <VATTDSRATE>0</VATTDSRATE>
     <BONDAMOUNT/>
     <POSCASHRECEIVED/>
     <CUSTOMDUTYPAID/>
     <VATPARTYITCCLAIMED/>
     <VATPARTYTAXLIABILITY/>
     <VALUEOFWORKSCONTRACT/>
     <ECFEEAMOUNT/>
     <ECFEEDEPOSITBYAWARDER/>
     <ECFEEDEPOSITBYCONTRACTOR/>
     <TDSDEDUCTED/>
     <VALUEOFSUBWORKSCONT/>
     <VATTDSAMT/>
     <ADJPARTYINVOICEVALUE/>
     <GSTINVASSESSABLEVALUE/>
     <VATGOODSVALUE/>
     <EXCHGRATE/>
     <PROCESSINGDURATION/>
     <TEMPGSTEWAYCONSIGNORADDRESSTYPE/>
     <TEMPGSTEWAYCONSIGNEEADDRESSTYPE/>
     <EIDEFAULTLED_ISZRBASICSERVICE/>
     <PREVBOMNAME/>
     <CURBOMNAME/>
     <COMMONNATUREOFPAYMENT/>
     <TEMPISVCHSUPPLFILLED/>
     <CURRPARTYLEDGERNAME/>
     <CURRBASICBUYERNAME/>
     <CURRPARTYNAME/>
     <CURRBUYERADDRESSTYPE/>
     <CURRPARTYADDRESSTYPE/>
     <CURRSTATENAME/>
     <CURRBASICPURCHASEORDERNO/>
     <CURRBASICSHIPDELIVERYNOTE/>
     <POSSTAXPARTYLEDGERNAME/>
     <ISCSTAGTFORMC/>
     <EIDEFAULTLED_ISUSERDEFINED/>
     <EIDEFAULTLED_CLASSNAME/>
     <EIDEFAULTLED_CLASSRATE>0</EIDEFAULTLED_CLASSRATE>
     <EIDEFAULTLED_CLASSADDLRATE>0</EIDEFAULTLED_CLASSADDLRATE>
     <TEMPVATCLASSIFICATION/>
     <ISATTDDATAPRESERVED/>
     <TEMPGSTEWAYBILLNUMBER/>
     <TEMPGSTEWAYBILLDATE/>
     <TEMPGSTEWAYSUBTYPE/>
     <TEMPGSTEWAYDOCUMENTTYPE/>
     <TEMPGSTEWAYSTATUS/>
     <TEMPGSTEWAYCONSIGNOR/>
     <TEMPGSTEWAYCONSIGNORADDRESS/>
     <TEMPGSTEWAYFROMPLACE/>
     <TEMPCONSIGNORPINCODENUMBER>0</TEMPCONSIGNORPINCODENUMBER>
     <TEMPGSTEWAYPINCODENUMBER>0</TEMPGSTEWAYPINCODENUMBER>
     <TEMPGSTEWAYPINCODE/>
     <TEMPGSTEWAYCONSIGNORTIN/>
     <TEMPGSTEWAYCONSIGNORSTATE/>
     <TEMPGSTEWAYCONSSHIPFROMSTATE/>
     <TEMPGSTEWAYCONSIGNEE/>
     <TEMPGSTEWAYCONSADDRESS/>
     <TEMPGSTEWAYCONSFROMPLACE/>
     <TEMPGSTEWAYCONSPINCODENUMBER>0</TEMPGSTEWAYCONSPINCODENUMBER>
     <TEMPCONSIGNEEPINCODENUMBER>0</TEMPCONSIGNEEPINCODENUMBER>
     <TEMPGSTEWAYCONSPINCODE/>
     <TEMPGSTEWAYCONSTIN/>
     <TEMPGSTEWAYCONSSTATE/>
     <TEMPGSTEWAYCONSSHIPTOSTATE/>
     <TEMPGSTEWAYTRANSPORTMODE/>
     <TEMPGSTEWAYDISTANCE>0</TEMPGSTEWAYDISTANCE>
     <TEMPGSTEWAYTRANSPORTERNAME/>
     <TEMPGSTEWAYVEHICLENUMBER/>
     <TEMPGSTEWAYTRANSPORTERID/>
     <TEMPGSTEWAYTRANSPORTERDOCNO/>
     <TEMPGSTEWAYTRANSPORTERDOCDATE/>
     <TEMPGSTEWAYVEHICLETYPE/>
     <TEMPGSTEWAYCONSBILLNUMBER/>
     <TEMPGSTEWAYCONSBILLDATE/>
     <TEMPISUSERDEFINEDCLASS/>
     <TEMPCLASSNATURE/>
     <TEMPGSTOVRDNINELIGIBLEITC/>
     <TEMPGSTOVRDNISREVCHARGEAPPL/>
     <TEMPGSTOVRDNTAXABILITY/>
     <TEMPGSTOVRDNISREVCHARGEAPPLSTR/>
     <TEMPGSTOVRDNINELIGIBLEITCSTR/>
     <EXCLUDEDTAXATIONS.LIST>     </EXCLUDEDTAXATIONS.LIST>
     <OLDAUDITENTRIES.LIST>     </OLDAUDITENTRIES.LIST>
     <ACCOUNTAUDITENTRIES.LIST>     </ACCOUNTAUDITENTRIES.LIST>
     <AUDITENTRIES.LIST>     </AUDITENTRIES.LIST>
     <DUTYHEADDETAILS.LIST>     </DUTYHEADDETAILS.LIST>
     <SUPPLEMENTARYDUTYHEADDETAILS.LIST>     </SUPPLEMENTARYDUTYHEADDETAILS.LIST>
     <EWAYBILLDETAILS.LIST>     </EWAYBILLDETAILS.LIST>
     <INVOICEDELNOTES.LIST>     </INVOICEDELNOTES.LIST>
     <INVOICEORDERLIST.LIST>     </INVOICEORDERLIST.LIST>
     <INVOICEINDENTLIST.LIST>     </INVOICEINDENTLIST.LIST>
     <ATTENDANCEENTRIES.LIST>     </ATTENDANCEENTRIES.LIST>
     <ORIGINVOICEDETAILS.LIST>     </ORIGINVOICEDETAILS.LIST>
     <INVOICEEXPORTLIST.LIST>     </INVOICEEXPORTLIST.LIST>
     <ALLLEDGERENTRIES.LIST>
      <OLDAUDITENTRYIDS.LIST TYPE="Number">
       <OLDAUDITENTRYIDS>-1</OLDAUDITENTRYIDS>
      </OLDAUDITENTRYIDS.LIST>
      <ORIGPURCHINVDATE/>
      <NARRATION/>
      <ADDLALLOCTYPE/>
      <TAXCLASSIFICATIONNAME/>
      <NOTIFICATIONSLNO/>
      <ROUNDTYPE/>
      <LEDGERNAME>DMI</LEDGERNAME>
      <TAXUNITNAME/>
      <STATNATURENAME/>
      <GOODSTYPE/>
      <METHODTYPE/>
      <CLASSRATE/>
      <STATCLASSIFICATIONNAME/>
      <EXCISECLASSIFICATIONNAME/>
      <ISZRBASICSERVICE/>
      <VATCOMMODITYNAME/>
      <SCHEDULE/>
      <SCHEDULESERIALNUMBER/>
      <VATCOMMODITYCODE/>
      <VATSUBCOMMODITYCODE/>
      <VATTRADENAME/>
      <VATMAJORCOMMODITYNAME/>
      <TDSPARTYNAME/>
      <VATPARTYORGNAME/>
      <XBRLADJTYPE/>
      <VOUCHERFBTCATEGORY/>
      <TYPEOFTAXPAYMENT/>
      <VATCALCULATIONTYPE/>
      <VATWORKSCONTRACTTYPE/>
      <VATWCDESCRIPTION/>
      <GSTCLASS/>
      <SCHVIADJTYPE/>
      <GSTOVRDNCLASSIFICATION/>
      <GSTOVRDNNATURE/>
      <GSTOVRDNINELIGIBLEITC/>
      <GSTOVRDNISREVCHARGEAPPL/>
      <GSTOVRDNTAXABILITY/>
      <VATGOODSNATURE/>
      <POSPAYMENTTYPE/>
      <GSTPARTYLEDGER/>
      <ORIGPURCHPARTY/>
      <ORIGPURCHPARTYADDRESS/>
      <ORIGPURCHINVNO/>
      <ORIGPURCHNOTE/>
      <ISDEEMEDPOSITIVE>Yes</ISDEEMEDPOSITIVE>
      <LEDGERFROMITEM>No</LEDGERFROMITEM>
      <REMOVEZEROENTRIES>No</REMOVEZEROENTRIES>
      <ISPARTYLEDGER>No</ISPARTYLEDGER>
      <ISLASTDEEMEDPOSITIVE>Yes</ISLASTDEEMEDPOSITIVE>
      <ISCAPVATTAXALTERED>No</ISCAPVATTAXALTERED>
      <ISCAPVATNOTCLAIMED>No</ISCAPVATNOTCLAIMED>
      <STCRADJPERCENT>0</STCRADJPERCENT>
      <ROUNDLIMIT>0</ROUNDLIMIT>
      <RATEOFADDLVAT>0</RATEOFADDLVAT>
      <RATEOFCESSONVAT>0</RATEOFCESSONVAT>
      <VATTAXRATE>0</VATTAXRATE>
      <VATITEMQTY>0</VATITEMQTY>
      <PREVINVTOTALNUM>0</PREVINVTOTALNUM>
      <VATWCDEDUCTIONRATE>0</VATWCDEDUCTIONRATE>
      <GSTTAXRATE>0</GSTTAXRATE>
      <ORIGINVGOODSQTY>0</ORIGINVGOODSQTY>
      <CAPVATTAXRATE>0</CAPVATTAXRATE>
      <AMOUNT>-75610.00</AMOUNT>
      <FBTEXEMPTAMOUNT/>
      <VATASSESSABLEVALUE/>
      <VATWCCOSTOFLAND/>
      <VATWCDEDLABOURCHARGES/>
      <VATWCOTHERDEDUCTIONAMT/>
      <VATWCVALUEOFTAXFREEGOODS/>
      <VATWCOTHERCHARGES/>
      <VATWCSUBCONTRACTORAMT/>
      <PREVAMOUNT/>
      <PREVINVTOTALAMT/>
      <VATWCDEDUCTIONAMOUNT/>
      <ORIGINVGOODSVALUE/>
      <CENVATCAPTINPUTAMT/>
      <GSTASSESSABLEVALUE/>
      <IGSTLIABILITY/>
      <CGSTLIABILITY/>
      <SGSTLIABILITY/>
      <GSTCESSLIABILITY/>
      <GSTOVRDNASSESSABLEVALUE/>
      <GSTASSBLVALUE/>
      <ORIGINVGOODSTAXVALUE/>
      <VATWCESTABLISHMENTCOST/>
      <VATWCCONTRACTORPROFIT/>
      <VATWCPLANNINGDESIGNFEES/>
      <VATWCMACHINERYTOOLSCHARGES/>
      <VATWCCONSUMABLESCOST/>
      <VATEXPAMOUNT/>
      <VATASSBLVALUE/>
      <VATACCEPTEDTAXAMT/>
      <VATACCEPTEDADDLTAXAMT/>
      <CASHRECEIVED/>
      <CAPVATASSEABLEVALUE/>
      <CAPVATTAXVALUE/>
      <ORIGPURCHVALUE/>
      <SUPPLYMARGVAL/>
      <DENOMINATIONCOUNT2000X>0</DENOMINATIONCOUNT2000X>
      <DENOMINATIONCOUNT1000X>0</DENOMINATIONCOUNT1000X>
      <DENOMINATIONCOUNT500X>0</DENOMINATIONCOUNT500X>
      <DENOMINATIONCOUNT200X>0</DENOMINATIONCOUNT200X>
      <DENOMINATIONCOUNT100X>0</DENOMINATIONCOUNT100X>
      <DENOMINATIONCOUNT50X>0</DENOMINATIONCOUNT50X>
      <DENOMINATIONCOUNT20X>0</DENOMINATIONCOUNT20X>
      <DENOMINATIONCOUNT10X>0</DENOMINATIONCOUNT10X>
      <DENOMINATIONCOUNT5X>0</DENOMINATIONCOUNT5X>
      <DENOMINATIONCOUNT2X>0</DENOMINATIONCOUNT2X>
      <DENOMINATIONCOUNT1X>0</DENOMINATIONCOUNT1X>
      <DENOMINATIONAMOUNTOTHERS/>
      <CURRPARTYLEDGERNAME/>
      <TEMPVATCLASSIFICATION/>
      <VATGCCTAXAMOUNT/>
      <GSTCOMPDUTYAMOUNT/>
      <EXCISETEMPDUTYVAL/>
      <ISVATADJLEDGER/>
      <ISCLASSIFYMODIFY/>
      <VATASSESMENTATE>0</VATASSESMENTATE>
      <GSTLEDGERDISCOUNT/>
      <GVATLEDGEREXCISE/>
      <GSTDUTYAMOUNT/>
      <RBVATTAXAMOUNT/>
      <SALESCESSTAXAMOUNT/>
      <INVOICEROUNDINGDIFFVAL/>
      <SERVICETAXDETAILS.LIST>      </SERVICETAXDETAILS.LIST>
      <BANKALLOCATIONS.LIST>      </BANKALLOCATIONS.LIST>
      <BILLALLOCATIONS.LIST>      </BILLALLOCATIONS.LIST>
      <INTERESTCOLLECTION.LIST>      </INTERESTCOLLECTION.LIST>
      <OLDAUDITENTRIES.LIST>      </OLDAUDITENTRIES.LIST>
      <ACCOUNTAUDITENTRIES.LIST>      </ACCOUNTAUDITENTRIES.LIST>
      <AUDITENTRIES.LIST>      </AUDITENTRIES.LIST>
      <INPUTCRALLOCS.LIST>      </INPUTCRALLOCS.LIST>
      <DUTYHEADDETAILS.LIST>      </DUTYHEADDETAILS.LIST>
      <EXCISEDUTYHEADDETAILS.LIST>      </EXCISEDUTYHEADDETAILS.LIST>
      <RATEDETAILS.LIST>      </RATEDETAILS.LIST>
      <SUMMARYALLOCS.LIST>      </SUMMARYALLOCS.LIST>
      <STPYMTDETAILS.LIST>      </STPYMTDETAILS.LIST>
      <EXCISEPAYMENTALLOCATIONS.LIST>      </EXCISEPAYMENTALLOCATIONS.LIST>
      <TAXBILLALLOCATIONS.LIST>      </TAXBILLALLOCATIONS.LIST>
      <TAXOBJECTALLOCATIONS.LIST>      </TAXOBJECTALLOCATIONS.LIST>
      <TDSEXPENSEALLOCATIONS.LIST>      </TDSEXPENSEALLOCATIONS.LIST>
      <VATSTATUTORYDETAILS.LIST>      </VATSTATUTORYDETAILS.LIST>
      <COSTTRACKALLOCATIONS.LIST>      </COSTTRACKALLOCATIONS.LIST>
      <REFVOUCHERDETAILS.LIST>      </REFVOUCHERDETAILS.LIST>
      <INVOICEWISEDETAILS.LIST>      </INVOICEWISEDETAILS.LIST>
      <VATITCDETAILS.LIST>      </VATITCDETAILS.LIST>
      <ADVANCETAXDETAILS.LIST>      </ADVANCETAXDETAILS.LIST>
     </ALLLEDGERENTRIES.LIST>
     <ALLLEDGERENTRIES.LIST>
      <OLDAUDITENTRYIDS.LIST TYPE="Number">
       <OLDAUDITENTRYIDS>-1</OLDAUDITENTRYIDS>
      </OLDAUDITENTRYIDS.LIST>
      <ORIGPURCHINVDATE/>
      <NARRATION/>
      <ADDLALLOCTYPE/>
      <TAXCLASSIFICATIONNAME/>
      <NOTIFICATIONSLNO/>
      <ROUNDTYPE/>
      <LEDGERNAME>Sundry Debtors</LEDGERNAME>
      <TAXUNITNAME/>
      <STATNATURENAME/>
      <GOODSTYPE/>
      <METHODTYPE/>
      <CLASSRATE/>
      <STATCLASSIFICATIONNAME/>
      <EXCISECLASSIFICATIONNAME/>
      <ISZRBASICSERVICE/>
      <VATCOMMODITYNAME/>
      <SCHEDULE/>
      <SCHEDULESERIALNUMBER/>
      <VATCOMMODITYCODE/>
      <VATSUBCOMMODITYCODE/>
      <VATTRADENAME/>
      <VATMAJORCOMMODITYNAME/>
      <TDSPARTYNAME/>
      <VATPARTYORGNAME/>
      <XBRLADJTYPE/>
      <VOUCHERFBTCATEGORY/>
      <TYPEOFTAXPAYMENT/>
      <VATCALCULATIONTYPE/>
      <VATWORKSCONTRACTTYPE/>
      <VATWCDESCRIPTION/>
      <GSTCLASS/>
      <SCHVIADJTYPE/>
      <GSTOVRDNCLASSIFICATION/>
      <GSTOVRDNNATURE/>
      <GSTOVRDNINELIGIBLEITC/>
      <GSTOVRDNISREVCHARGEAPPL/>
      <GSTOVRDNTAXABILITY/>
      <VATGOODSNATURE/>
      <POSPAYMENTTYPE/>
      <GSTPARTYLEDGER/>
      <ORIGPURCHPARTY/>
      <ORIGPURCHPARTYADDRESS/>
      <ORIGPURCHINVNO/>
      <ORIGPURCHNOTE/>
      <ISDEEMEDPOSITIVE>No</ISDEEMEDPOSITIVE>
      <LEDGERFROMITEM>No</LEDGERFROMITEM>
      <REMOVEZEROENTRIES>No</REMOVEZEROENTRIES>
      <ISPARTYLEDGER>No</ISPARTYLEDGER>
      <ISLASTDEEMEDPOSITIVE>No</ISLASTDEEMEDPOSITIVE>
      <ISCAPVATTAXALTERED>No</ISCAPVATTAXALTERED>
      <ISCAPVATNOTCLAIMED>No</ISCAPVATNOTCLAIMED>
      <STCRADJPERCENT>0</STCRADJPERCENT>
      <ROUNDLIMIT>0</ROUNDLIMIT>
      <RATEOFADDLVAT>0</RATEOFADDLVAT>
      <RATEOFCESSONVAT>0</RATEOFCESSONVAT>
      <VATTAXRATE>0</VATTAXRATE>
      <VATITEMQTY>0</VATITEMQTY>
      <PREVINVTOTALNUM>0</PREVINVTOTALNUM>
      <VATWCDEDUCTIONRATE>0</VATWCDEDUCTIONRATE>
      <GSTTAXRATE>0</GSTTAXRATE>
      <ORIGINVGOODSQTY>0</ORIGINVGOODSQTY>
      <CAPVATTAXRATE>0</CAPVATTAXRATE>
      <AMOUNT>75000.00</AMOUNT>
      <FBTEXEMPTAMOUNT/>
      <VATASSESSABLEVALUE/>
      <VATWCCOSTOFLAND/>
      <VATWCDEDLABOURCHARGES/>
      <VATWCOTHERDEDUCTIONAMT/>
      <VATWCVALUEOFTAXFREEGOODS/>
      <VATWCOTHERCHARGES/>
      <VATWCSUBCONTRACTORAMT/>
      <PREVAMOUNT/>
      <PREVINVTOTALAMT/>
      <VATWCDEDUCTIONAMOUNT/>
      <ORIGINVGOODSVALUE/>
      <CENVATCAPTINPUTAMT/>
      <GSTASSESSABLEVALUE/>
      <IGSTLIABILITY/>
      <CGSTLIABILITY/>
      <SGSTLIABILITY/>
      <GSTCESSLIABILITY/>
      <GSTOVRDNASSESSABLEVALUE/>
      <GSTASSBLVALUE/>
      <ORIGINVGOODSTAXVALUE/>
      <VATWCESTABLISHMENTCOST/>
      <VATWCCONTRACTORPROFIT/>
      <VATWCPLANNINGDESIGNFEES/>
      <VATWCMACHINERYTOOLSCHARGES/>
      <VATWCCONSUMABLESCOST/>
      <VATEXPAMOUNT/>
      <VATASSBLVALUE/>
      <VATACCEPTEDTAXAMT/>
      <VATACCEPTEDADDLTAXAMT/>
      <CASHRECEIVED/>
      <CAPVATASSEABLEVALUE/>
      <CAPVATTAXVALUE/>
      <ORIGPURCHVALUE/>
      <SUPPLYMARGVAL/>
      <DENOMINATIONCOUNT2000X>0</DENOMINATIONCOUNT2000X>
      <DENOMINATIONCOUNT1000X>0</DENOMINATIONCOUNT1000X>
      <DENOMINATIONCOUNT500X>0</DENOMINATIONCOUNT500X>
      <DENOMINATIONCOUNT200X>0</DENOMINATIONCOUNT200X>
      <DENOMINATIONCOUNT100X>0</DENOMINATIONCOUNT100X>
      <DENOMINATIONCOUNT50X>0</DENOMINATIONCOUNT50X>
      <DENOMINATIONCOUNT20X>0</DENOMINATIONCOUNT20X>
      <DENOMINATIONCOUNT10X>0</DENOMINATIONCOUNT10X>
      <DENOMINATIONCOUNT5X>0</DENOMINATIONCOUNT5X>
      <DENOMINATIONCOUNT2X>0</DENOMINATIONCOUNT2X>
      <DENOMINATIONCOUNT1X>0</DENOMINATIONCOUNT1X>
      <DENOMINATIONAMOUNTOTHERS/>
      <CURRPARTYLEDGERNAME/>
      <TEMPVATCLASSIFICATION/>
      <VATGCCTAXAMOUNT/>
      <GSTCOMPDUTYAMOUNT/>
      <EXCISETEMPDUTYVAL/>
      <ISVATADJLEDGER/>
      <ISCLASSIFYMODIFY/>
      <VATASSESMENTATE>0</VATASSESMENTATE>
      <GSTLEDGERDISCOUNT/>
      <GVATLEDGEREXCISE/>
      <GSTDUTYAMOUNT/>
      <RBVATTAXAMOUNT/>
      <SALESCESSTAXAMOUNT/>
      <INVOICEROUNDINGDIFFVAL/>
      <SERVICETAXDETAILS.LIST>      </SERVICETAXDETAILS.LIST>
      <BANKALLOCATIONS.LIST>      </BANKALLOCATIONS.LIST>
      <BILLALLOCATIONS.LIST>      </BILLALLOCATIONS.LIST>
      <INTERESTCOLLECTION.LIST>      </INTERESTCOLLECTION.LIST>
      <OLDAUDITENTRIES.LIST>      </OLDAUDITENTRIES.LIST>
      <ACCOUNTAUDITENTRIES.LIST>      </ACCOUNTAUDITENTRIES.LIST>
      <AUDITENTRIES.LIST>      </AUDITENTRIES.LIST>
      <INPUTCRALLOCS.LIST>      </INPUTCRALLOCS.LIST>
      <DUTYHEADDETAILS.LIST>      </DUTYHEADDETAILS.LIST>
      <EXCISEDUTYHEADDETAILS.LIST>      </EXCISEDUTYHEADDETAILS.LIST>
      <RATEDETAILS.LIST>      </RATEDETAILS.LIST>
      <SUMMARYALLOCS.LIST>      </SUMMARYALLOCS.LIST>
      <STPYMTDETAILS.LIST>      </STPYMTDETAILS.LIST>
      <EXCISEPAYMENTALLOCATIONS.LIST>      </EXCISEPAYMENTALLOCATIONS.LIST>
      <TAXBILLALLOCATIONS.LIST>      </TAXBILLALLOCATIONS.LIST>
      <TAXOBJECTALLOCATIONS.LIST>      </TAXOBJECTALLOCATIONS.LIST>
      <TDSEXPENSEALLOCATIONS.LIST>      </TDSEXPENSEALLOCATIONS.LIST>
      <VATSTATUTORYDETAILS.LIST>      </VATSTATUTORYDETAILS.LIST>
      <COSTTRACKALLOCATIONS.LIST>      </COSTTRACKALLOCATIONS.LIST>
      <REFVOUCHERDETAILS.LIST>      </REFVOUCHERDETAILS.LIST>
      <INVOICEWISEDETAILS.LIST>      </INVOICEWISEDETAILS.LIST>
      <VATITCDETAILS.LIST>      </VATITCDETAILS.LIST>
      <ADVANCETAXDETAILS.LIST>      </ADVANCETAXDETAILS.LIST>
     </ALLLEDGERENTRIES.LIST>
     <ALLLEDGERENTRIES.LIST>
      <OLDAUDITENTRYIDS.LIST TYPE="Number">
       <OLDAUDITENTRYIDS>-1</OLDAUDITENTRYIDS>
      </OLDAUDITENTRYIDS.LIST>
      <ORIGPURCHINVDATE/>
      <NARRATION/>
      <ADDLALLOCTYPE/>
      <TAXCLASSIFICATIONNAME/>
      <NOTIFICATIONSLNO/>
      <ROUNDTYPE/>
      <LEDGERNAME>Input CGST</LEDGERNAME>
      <TAXUNITNAME/>
      <STATNATURENAME/>
      <GOODSTYPE/>
      <METHODTYPE/>
      <CLASSRATE/>
      <STATCLASSIFICATIONNAME/>
      <EXCISECLASSIFICATIONNAME/>
      <ISZRBASICSERVICE/>
      <VATCOMMODITYNAME/>
      <SCHEDULE/>
      <SCHEDULESERIALNUMBER/>
      <VATCOMMODITYCODE/>
      <VATSUBCOMMODITYCODE/>
      <VATTRADENAME/>
      <VATMAJORCOMMODITYNAME/>
      <TDSPARTYNAME/>
      <VATPARTYORGNAME/>
      <XBRLADJTYPE/>
      <VOUCHERFBTCATEGORY/>
      <TYPEOFTAXPAYMENT/>
      <VATCALCULATIONTYPE/>
      <VATWORKSCONTRACTTYPE/>
      <VATWCDESCRIPTION/>
      <GSTCLASS/>
      <SCHVIADJTYPE/>
      <GSTOVRDNCLASSIFICATION/>
      <GSTOVRDNNATURE/>
      <GSTOVRDNINELIGIBLEITC/>
      <GSTOVRDNISREVCHARGEAPPL/>
      <GSTOVRDNTAXABILITY/>
      <VATGOODSNATURE/>
      <POSPAYMENTTYPE/>
      <GSTPARTYLEDGER/>
      <ORIGPURCHPARTY/>
      <ORIGPURCHPARTYADDRESS/>
      <ORIGPURCHINVNO/>
      <ORIGPURCHNOTE/>
      <ISDEEMEDPOSITIVE>No</ISDEEMEDPOSITIVE>
      <LEDGERFROMITEM>No</LEDGERFROMITEM>
      <REMOVEZEROENTRIES>No</REMOVEZEROENTRIES>
      <ISPARTYLEDGER>No</ISPARTYLEDGER>
      <ISLASTDEEMEDPOSITIVE>No</ISLASTDEEMEDPOSITIVE>
      <ISCAPVATTAXALTERED>No</ISCAPVATTAXALTERED>
      <ISCAPVATNOTCLAIMED>No</ISCAPVATNOTCLAIMED>
      <STCRADJPERCENT>0</STCRADJPERCENT>
      <ROUNDLIMIT>0</ROUNDLIMIT>
      <RATEOFADDLVAT>0</RATEOFADDLVAT>
      <RATEOFCESSONVAT>0</RATEOFCESSONVAT>
      <VATTAXRATE>0</VATTAXRATE>
      <VATITEMQTY>0</VATITEMQTY>
      <PREVINVTOTALNUM>0</PREVINVTOTALNUM>
      <VATWCDEDUCTIONRATE>0</VATWCDEDUCTIONRATE>
      <GSTTAXRATE>0</GSTTAXRATE>
      <ORIGINVGOODSQTY>0</ORIGINVGOODSQTY>
      <CAPVATTAXRATE>0</CAPVATTAXRATE>
      <AMOUNT>500.00</AMOUNT>
      <FBTEXEMPTAMOUNT/>
      <VATASSESSABLEVALUE/>
      <VATWCCOSTOFLAND/>
      <VATWCDEDLABOURCHARGES/>
      <VATWCOTHERDEDUCTIONAMT/>
      <VATWCVALUEOFTAXFREEGOODS/>
      <VATWCOTHERCHARGES/>
      <VATWCSUBCONTRACTORAMT/>
      <PREVAMOUNT/>
      <PREVINVTOTALAMT/>
      <VATWCDEDUCTIONAMOUNT/>
      <ORIGINVGOODSVALUE/>
      <CENVATCAPTINPUTAMT/>
      <GSTASSESSABLEVALUE/>
      <IGSTLIABILITY/>
      <CGSTLIABILITY/>
      <SGSTLIABILITY/>
      <GSTCESSLIABILITY/>
      <GSTOVRDNASSESSABLEVALUE/>
      <GSTASSBLVALUE/>
      <ORIGINVGOODSTAXVALUE/>
      <VATWCESTABLISHMENTCOST/>
      <VATWCCONTRACTORPROFIT/>
      <VATWCPLANNINGDESIGNFEES/>
      <VATWCMACHINERYTOOLSCHARGES/>
      <VATWCCONSUMABLESCOST/>
      <VATEXPAMOUNT/>
      <VATASSBLVALUE/>
      <VATACCEPTEDTAXAMT/>
      <VATACCEPTEDADDLTAXAMT/>
      <CASHRECEIVED/>
      <CAPVATASSEABLEVALUE/>
      <CAPVATTAXVALUE/>
      <ORIGPURCHVALUE/>
      <SUPPLYMARGVAL/>
      <DENOMINATIONCOUNT2000X>0</DENOMINATIONCOUNT2000X>
      <DENOMINATIONCOUNT1000X>0</DENOMINATIONCOUNT1000X>
      <DENOMINATIONCOUNT500X>0</DENOMINATIONCOUNT500X>
      <DENOMINATIONCOUNT200X>0</DENOMINATIONCOUNT200X>
      <DENOMINATIONCOUNT100X>0</DENOMINATIONCOUNT100X>
      <DENOMINATIONCOUNT50X>0</DENOMINATIONCOUNT50X>
      <DENOMINATIONCOUNT20X>0</DENOMINATIONCOUNT20X>
      <DENOMINATIONCOUNT10X>0</DENOMINATIONCOUNT10X>
      <DENOMINATIONCOUNT5X>0</DENOMINATIONCOUNT5X>
      <DENOMINATIONCOUNT2X>0</DENOMINATIONCOUNT2X>
      <DENOMINATIONCOUNT1X>0</DENOMINATIONCOUNT1X>
      <DENOMINATIONAMOUNTOTHERS/>
      <CURRPARTYLEDGERNAME/>
      <TEMPVATCLASSIFICATION/>
      <VATGCCTAXAMOUNT/>
      <GSTCOMPDUTYAMOUNT/>
      <EXCISETEMPDUTYVAL/>
      <ISVATADJLEDGER/>
      <ISCLASSIFYMODIFY/>
      <VATASSESMENTATE>0</VATASSESMENTATE>
      <GSTLEDGERDISCOUNT/>
      <GVATLEDGEREXCISE/>
      <GSTDUTYAMOUNT/>
      <RBVATTAXAMOUNT/>
      <SALESCESSTAXAMOUNT/>
      <INVOICEROUNDINGDIFFVAL/>
      <SERVICETAXDETAILS.LIST>      </SERVICETAXDETAILS.LIST>
      <BANKALLOCATIONS.LIST>      </BANKALLOCATIONS.LIST>
      <BILLALLOCATIONS.LIST>      </BILLALLOCATIONS.LIST>
      <INTERESTCOLLECTION.LIST>      </INTERESTCOLLECTION.LIST>
      <OLDAUDITENTRIES.LIST>      </OLDAUDITENTRIES.LIST>
      <ACCOUNTAUDITENTRIES.LIST>      </ACCOUNTAUDITENTRIES.LIST>
      <AUDITENTRIES.LIST>      </AUDITENTRIES.LIST>
      <INPUTCRALLOCS.LIST>      </INPUTCRALLOCS.LIST>
      <DUTYHEADDETAILS.LIST>      </DUTYHEADDETAILS.LIST>
      <EXCISEDUTYHEADDETAILS.LIST>      </EXCISEDUTYHEADDETAILS.LIST>
      <RATEDETAILS.LIST>      </RATEDETAILS.LIST>
      <SUMMARYALLOCS.LIST>      </SUMMARYALLOCS.LIST>
      <STPYMTDETAILS.LIST>      </STPYMTDETAILS.LIST>
      <EXCISEPAYMENTALLOCATIONS.LIST>      </EXCISEPAYMENTALLOCATIONS.LIST>
      <TAXBILLALLOCATIONS.LIST>      </TAXBILLALLOCATIONS.LIST>
      <TAXOBJECTALLOCATIONS.LIST>      </TAXOBJECTALLOCATIONS.LIST>
      <TDSEXPENSEALLOCATIONS.LIST>      </TDSEXPENSEALLOCATIONS.LIST>
      <VATSTATUTORYDETAILS.LIST>      </VATSTATUTORYDETAILS.LIST>
      <COSTTRACKALLOCATIONS.LIST>      </COSTTRACKALLOCATIONS.LIST>
      <REFVOUCHERDETAILS.LIST>      </REFVOUCHERDETAILS.LIST>
      <INVOICEWISEDETAILS.LIST>      </INVOICEWISEDETAILS.LIST>
      <VATITCDETAILS.LIST>      </VATITCDETAILS.LIST>
      <ADVANCETAXDETAILS.LIST>      </ADVANCETAXDETAILS.LIST>
     </ALLLEDGERENTRIES.LIST>
     <ALLLEDGERENTRIES.LIST>
      <OLDAUDITENTRYIDS.LIST TYPE="Number">
       <OLDAUDITENTRYIDS>-1</OLDAUDITENTRYIDS>
      </OLDAUDITENTRYIDS.LIST>
      <ORIGPURCHINVDATE/>
      <NARRATION/>
      <ADDLALLOCTYPE/>
      <TAXCLASSIFICATIONNAME/>
      <NOTIFICATIONSLNO/>
      <ROUNDTYPE/>
      <LEDGERNAME>Input SGST</LEDGERNAME>
      <TAXUNITNAME/>
      <STATNATURENAME/>
      <GOODSTYPE/>
      <METHODTYPE/>
      <CLASSRATE/>
      <STATCLASSIFICATIONNAME/>
      <EXCISECLASSIFICATIONNAME/>
      <ISZRBASICSERVICE/>
      <VATCOMMODITYNAME/>
      <SCHEDULE/>
      <SCHEDULESERIALNUMBER/>
      <VATCOMMODITYCODE/>
      <VATSUBCOMMODITYCODE/>
      <VATTRADENAME/>
      <VATMAJORCOMMODITYNAME/>
      <TDSPARTYNAME/>
      <VATPARTYORGNAME/>
      <XBRLADJTYPE/>
      <VOUCHERFBTCATEGORY/>
      <TYPEOFTAXPAYMENT/>
      <VATCALCULATIONTYPE/>
      <VATWORKSCONTRACTTYPE/>
      <VATWCDESCRIPTION/>
      <GSTCLASS/>
      <SCHVIADJTYPE/>
      <GSTOVRDNCLASSIFICATION/>
      <GSTOVRDNNATURE/>
      <GSTOVRDNINELIGIBLEITC/>
      <GSTOVRDNISREVCHARGEAPPL/>
      <GSTOVRDNTAXABILITY/>
      <VATGOODSNATURE/>
      <POSPAYMENTTYPE/>
      <GSTPARTYLEDGER/>
      <ORIGPURCHPARTY/>
      <ORIGPURCHPARTYADDRESS/>
      <ORIGPURCHINVNO/>
      <ORIGPURCHNOTE/>
      <ISDEEMEDPOSITIVE>No</ISDEEMEDPOSITIVE>
      <LEDGERFROMITEM>No</LEDGERFROMITEM>
      <REMOVEZEROENTRIES>No</REMOVEZEROENTRIES>
      <ISPARTYLEDGER>No</ISPARTYLEDGER>
      <ISLASTDEEMEDPOSITIVE>No</ISLASTDEEMEDPOSITIVE>
      <ISCAPVATTAXALTERED>No</ISCAPVATTAXALTERED>
      <ISCAPVATNOTCLAIMED>No</ISCAPVATNOTCLAIMED>
      <STCRADJPERCENT>0</STCRADJPERCENT>
      <ROUNDLIMIT>0</ROUNDLIMIT>
      <RATEOFADDLVAT>0</RATEOFADDLVAT>
      <RATEOFCESSONVAT>0</RATEOFCESSONVAT>
      <VATTAXRATE>0</VATTAXRATE>
      <VATITEMQTY>0</VATITEMQTY>
      <PREVINVTOTALNUM>0</PREVINVTOTALNUM>
      <VATWCDEDUCTIONRATE>0</VATWCDEDUCTIONRATE>
      <GSTTAXRATE>0</GSTTAXRATE>
      <ORIGINVGOODSQTY>0</ORIGINVGOODSQTY>
      <CAPVATTAXRATE>0</CAPVATTAXRATE>
      <AMOUNT>50.00</AMOUNT>
      <FBTEXEMPTAMOUNT/>
      <VATASSESSABLEVALUE/>
      <VATWCCOSTOFLAND/>
      <VATWCDEDLABOURCHARGES/>
      <VATWCOTHERDEDUCTIONAMT/>
      <VATWCVALUEOFTAXFREEGOODS/>
      <VATWCOTHERCHARGES/>
      <VATWCSUBCONTRACTORAMT/>
      <PREVAMOUNT/>
      <PREVINVTOTALAMT/>
      <VATWCDEDUCTIONAMOUNT/>
      <ORIGINVGOODSVALUE/>
      <CENVATCAPTINPUTAMT/>
      <GSTASSESSABLEVALUE/>
      <IGSTLIABILITY/>
      <CGSTLIABILITY/>
      <SGSTLIABILITY/>
      <GSTCESSLIABILITY/>
      <GSTOVRDNASSESSABLEVALUE/>
      <GSTASSBLVALUE/>
      <ORIGINVGOODSTAXVALUE/>
      <VATWCESTABLISHMENTCOST/>
      <VATWCCONTRACTORPROFIT/>
      <VATWCPLANNINGDESIGNFEES/>
      <VATWCMACHINERYTOOLSCHARGES/>
      <VATWCCONSUMABLESCOST/>
      <VATEXPAMOUNT/>
      <VATASSBLVALUE/>
      <VATACCEPTEDTAXAMT/>
      <VATACCEPTEDADDLTAXAMT/>
      <CASHRECEIVED/>
      <CAPVATASSEABLEVALUE/>
      <CAPVATTAXVALUE/>
      <ORIGPURCHVALUE/>
      <SUPPLYMARGVAL/>
      <DENOMINATIONCOUNT2000X>0</DENOMINATIONCOUNT2000X>
      <DENOMINATIONCOUNT1000X>0</DENOMINATIONCOUNT1000X>
      <DENOMINATIONCOUNT500X>0</DENOMINATIONCOUNT500X>
      <DENOMINATIONCOUNT200X>0</DENOMINATIONCOUNT200X>
      <DENOMINATIONCOUNT100X>0</DENOMINATIONCOUNT100X>
      <DENOMINATIONCOUNT50X>0</DENOMINATIONCOUNT50X>
      <DENOMINATIONCOUNT20X>0</DENOMINATIONCOUNT20X>
      <DENOMINATIONCOUNT10X>0</DENOMINATIONCOUNT10X>
      <DENOMINATIONCOUNT5X>0</DENOMINATIONCOUNT5X>
      <DENOMINATIONCOUNT2X>0</DENOMINATIONCOUNT2X>
      <DENOMINATIONCOUNT1X>0</DENOMINATIONCOUNT1X>
      <DENOMINATIONAMOUNTOTHERS/>
      <CURRPARTYLEDGERNAME/>
      <TEMPVATCLASSIFICATION/>
      <VATGCCTAXAMOUNT/>
      <GSTCOMPDUTYAMOUNT/>
      <EXCISETEMPDUTYVAL/>
      <ISVATADJLEDGER/>
      <ISCLASSIFYMODIFY/>
      <VATASSESMENTATE>0</VATASSESMENTATE>
      <GSTLEDGERDISCOUNT/>
      <GVATLEDGEREXCISE/>
      <GSTDUTYAMOUNT/>
      <RBVATTAXAMOUNT/>
      <SALESCESSTAXAMOUNT/>
      <INVOICEROUNDINGDIFFVAL/>
      <SERVICETAXDETAILS.LIST>      </SERVICETAXDETAILS.LIST>
      <BANKALLOCATIONS.LIST>      </BANKALLOCATIONS.LIST>
      <BILLALLOCATIONS.LIST>      </BILLALLOCATIONS.LIST>
      <INTERESTCOLLECTION.LIST>      </INTERESTCOLLECTION.LIST>
      <OLDAUDITENTRIES.LIST>      </OLDAUDITENTRIES.LIST>
      <ACCOUNTAUDITENTRIES.LIST>      </ACCOUNTAUDITENTRIES.LIST>
      <AUDITENTRIES.LIST>      </AUDITENTRIES.LIST>
      <INPUTCRALLOCS.LIST>      </INPUTCRALLOCS.LIST>
      <DUTYHEADDETAILS.LIST>      </DUTYHEADDETAILS.LIST>
      <EXCISEDUTYHEADDETAILS.LIST>      </EXCISEDUTYHEADDETAILS.LIST>
      <RATEDETAILS.LIST>      </RATEDETAILS.LIST>
      <SUMMARYALLOCS.LIST>      </SUMMARYALLOCS.LIST>
      <STPYMTDETAILS.LIST>      </STPYMTDETAILS.LIST>
      <EXCISEPAYMENTALLOCATIONS.LIST>      </EXCISEPAYMENTALLOCATIONS.LIST>
      <TAXBILLALLOCATIONS.LIST>      </TAXBILLALLOCATIONS.LIST>
      <TAXOBJECTALLOCATIONS.LIST>      </TAXOBJECTALLOCATIONS.LIST>
      <TDSEXPENSEALLOCATIONS.LIST>      </TDSEXPENSEALLOCATIONS.LIST>
      <VATSTATUTORYDETAILS.LIST>      </VATSTATUTORYDETAILS.LIST>
      <COSTTRACKALLOCATIONS.LIST>      </COSTTRACKALLOCATIONS.LIST>
      <REFVOUCHERDETAILS.LIST>      </REFVOUCHERDETAILS.LIST>
      <INVOICEWISEDETAILS.LIST>      </INVOICEWISEDETAILS.LIST>
      <VATITCDETAILS.LIST>      </VATITCDETAILS.LIST>
      <ADVANCETAXDETAILS.LIST>      </ADVANCETAXDETAILS.LIST>
     </ALLLEDGERENTRIES.LIST>
     <ALLLEDGERENTRIES.LIST>
      <OLDAUDITENTRYIDS.LIST TYPE="Number">
       <OLDAUDITENTRYIDS>-1</OLDAUDITENTRYIDS>
      </OLDAUDITENTRYIDS.LIST>
      <ORIGPURCHINVDATE/>
      <NARRATION/>
      <ADDLALLOCTYPE/>
      <TAXCLASSIFICATIONNAME/>
      <NOTIFICATIONSLNO/>
      <ROUNDTYPE/>
      <LEDGERNAME>Input IGST</LEDGERNAME>
      <TAXUNITNAME/>
      <STATNATURENAME/>
      <GOODSTYPE/>
      <METHODTYPE/>
      <CLASSRATE/>
      <STATCLASSIFICATIONNAME/>
      <EXCISECLASSIFICATIONNAME/>
      <ISZRBASICSERVICE/>
      <VATCOMMODITYNAME/>
      <SCHEDULE/>
      <SCHEDULESERIALNUMBER/>
      <VATCOMMODITYCODE/>
      <VATSUBCOMMODITYCODE/>
      <VATTRADENAME/>
      <VATMAJORCOMMODITYNAME/>
      <TDSPARTYNAME/>
      <VATPARTYORGNAME/>
      <XBRLADJTYPE/>
      <VOUCHERFBTCATEGORY/>
      <TYPEOFTAXPAYMENT/>
      <VATCALCULATIONTYPE/>
      <VATWORKSCONTRACTTYPE/>
      <VATWCDESCRIPTION/>
      <GSTCLASS/>
      <SCHVIADJTYPE/>
      <GSTOVRDNCLASSIFICATION/>
      <GSTOVRDNNATURE/>
      <GSTOVRDNINELIGIBLEITC/>
      <GSTOVRDNISREVCHARGEAPPL/>
      <GSTOVRDNTAXABILITY/>
      <VATGOODSNATURE/>
      <POSPAYMENTTYPE/>
      <GSTPARTYLEDGER/>
      <ORIGPURCHPARTY/>
      <ORIGPURCHPARTYADDRESS/>
      <ORIGPURCHINVNO/>
      <ORIGPURCHNOTE/>
      <ISDEEMEDPOSITIVE>No</ISDEEMEDPOSITIVE>
      <LEDGERFROMITEM>No</LEDGERFROMITEM>
      <REMOVEZEROENTRIES>No</REMOVEZEROENTRIES>
      <ISPARTYLEDGER>No</ISPARTYLEDGER>
      <ISLASTDEEMEDPOSITIVE>No</ISLASTDEEMEDPOSITIVE>
      <ISCAPVATTAXALTERED>No</ISCAPVATTAXALTERED>
      <ISCAPVATNOTCLAIMED>No</ISCAPVATNOTCLAIMED>
      <STCRADJPERCENT>0</STCRADJPERCENT>
      <ROUNDLIMIT>0</ROUNDLIMIT>
      <RATEOFADDLVAT>0</RATEOFADDLVAT>
      <RATEOFCESSONVAT>0</RATEOFCESSONVAT>
      <VATTAXRATE>0</VATTAXRATE>
      <VATITEMQTY>0</VATITEMQTY>
      <PREVINVTOTALNUM>0</PREVINVTOTALNUM>
      <VATWCDEDUCTIONRATE>0</VATWCDEDUCTIONRATE>
      <GSTTAXRATE>0</GSTTAXRATE>
      <ORIGINVGOODSQTY>0</ORIGINVGOODSQTY>
      <CAPVATTAXRATE>0</CAPVATTAXRATE>
      <AMOUNT>60.00</AMOUNT>
      <FBTEXEMPTAMOUNT/>
      <VATASSESSABLEVALUE/>
      <VATWCCOSTOFLAND/>
      <VATWCDEDLABOURCHARGES/>
      <VATWCOTHERDEDUCTIONAMT/>
      <VATWCVALUEOFTAXFREEGOODS/>
      <VATWCOTHERCHARGES/>
      <VATWCSUBCONTRACTORAMT/>
      <PREVAMOUNT/>
      <PREVINVTOTALAMT/>
      <VATWCDEDUCTIONAMOUNT/>
      <ORIGINVGOODSVALUE/>
      <CENVATCAPTINPUTAMT/>
      <GSTASSESSABLEVALUE/>
      <IGSTLIABILITY/>
      <CGSTLIABILITY/>
      <SGSTLIABILITY/>
      <GSTCESSLIABILITY/>
      <GSTOVRDNASSESSABLEVALUE/>
      <GSTASSBLVALUE/>
      <ORIGINVGOODSTAXVALUE/>
      <VATWCESTABLISHMENTCOST/>
      <VATWCCONTRACTORPROFIT/>
      <VATWCPLANNINGDESIGNFEES/>
      <VATWCMACHINERYTOOLSCHARGES/>
      <VATWCCONSUMABLESCOST/>
      <VATEXPAMOUNT/>
      <VATASSBLVALUE/>
      <VATACCEPTEDTAXAMT/>
      <VATACCEPTEDADDLTAXAMT/>
      <CASHRECEIVED/>
      <CAPVATASSEABLEVALUE/>
      <CAPVATTAXVALUE/>
      <ORIGPURCHVALUE/>
      <SUPPLYMARGVAL/>
      <DENOMINATIONCOUNT2000X>0</DENOMINATIONCOUNT2000X>
      <DENOMINATIONCOUNT1000X>0</DENOMINATIONCOUNT1000X>
      <DENOMINATIONCOUNT500X>0</DENOMINATIONCOUNT500X>
      <DENOMINATIONCOUNT200X>0</DENOMINATIONCOUNT200X>
      <DENOMINATIONCOUNT100X>0</DENOMINATIONCOUNT100X>
      <DENOMINATIONCOUNT50X>0</DENOMINATIONCOUNT50X>
      <DENOMINATIONCOUNT20X>0</DENOMINATIONCOUNT20X>
      <DENOMINATIONCOUNT10X>0</DENOMINATIONCOUNT10X>
      <DENOMINATIONCOUNT5X>0</DENOMINATIONCOUNT5X>
      <DENOMINATIONCOUNT2X>0</DENOMINATIONCOUNT2X>
      <DENOMINATIONCOUNT1X>0</DENOMINATIONCOUNT1X>
      <DENOMINATIONAMOUNTOTHERS/>
      <CURRPARTYLEDGERNAME/>
      <TEMPVATCLASSIFICATION/>
      <VATGCCTAXAMOUNT/>
      <GSTCOMPDUTYAMOUNT/>
      <EXCISETEMPDUTYVAL/>
      <ISVATADJLEDGER/>
      <ISCLASSIFYMODIFY/>
      <VATASSESMENTATE>0</VATASSESMENTATE>
      <GSTLEDGERDISCOUNT/>
      <GVATLEDGEREXCISE/>
      <GSTDUTYAMOUNT/>
      <RBVATTAXAMOUNT/>
      <SALESCESSTAXAMOUNT/>
      <INVOICEROUNDINGDIFFVAL/>
      <SERVICETAXDETAILS.LIST>      </SERVICETAXDETAILS.LIST>
      <BANKALLOCATIONS.LIST>      </BANKALLOCATIONS.LIST>
      <BILLALLOCATIONS.LIST>      </BILLALLOCATIONS.LIST>
      <INTERESTCOLLECTION.LIST>      </INTERESTCOLLECTION.LIST>
      <OLDAUDITENTRIES.LIST>      </OLDAUDITENTRIES.LIST>
      <ACCOUNTAUDITENTRIES.LIST>      </ACCOUNTAUDITENTRIES.LIST>
      <AUDITENTRIES.LIST>      </AUDITENTRIES.LIST>
      <INPUTCRALLOCS.LIST>      </INPUTCRALLOCS.LIST>
      <DUTYHEADDETAILS.LIST>      </DUTYHEADDETAILS.LIST>
      <EXCISEDUTYHEADDETAILS.LIST>      </EXCISEDUTYHEADDETAILS.LIST>
      <RATEDETAILS.LIST>      </RATEDETAILS.LIST>
      <SUMMARYALLOCS.LIST>      </SUMMARYALLOCS.LIST>
      <STPYMTDETAILS.LIST>      </STPYMTDETAILS.LIST>
      <EXCISEPAYMENTALLOCATIONS.LIST>      </EXCISEPAYMENTALLOCATIONS.LIST>
      <TAXBILLALLOCATIONS.LIST>      </TAXBILLALLOCATIONS.LIST>
      <TAXOBJECTALLOCATIONS.LIST>      </TAXOBJECTALLOCATIONS.LIST>
      <TDSEXPENSEALLOCATIONS.LIST>      </TDSEXPENSEALLOCATIONS.LIST>
      <VATSTATUTORYDETAILS.LIST>      </VATSTATUTORYDETAILS.LIST>
      <COSTTRACKALLOCATIONS.LIST>      </COSTTRACKALLOCATIONS.LIST>
      <REFVOUCHERDETAILS.LIST>      </REFVOUCHERDETAILS.LIST>
      <INVOICEWISEDETAILS.LIST>      </INVOICEWISEDETAILS.LIST>
      <VATITCDETAILS.LIST>      </VATITCDETAILS.LIST>
      <ADVANCETAXDETAILS.LIST>      </ADVANCETAXDETAILS.LIST>
     </ALLLEDGERENTRIES.LIST>
     <PAYROLLMODEOFPAYMENT.LIST>     </PAYROLLMODEOFPAYMENT.LIST>
     <ATTDRECORDS.LIST>     </ATTDRECORDS.LIST>
     <GSTEWAYCONSIGNORADDRESS.LIST>     </GSTEWAYCONSIGNORADDRESS.LIST>
     <GSTEWAYCONSIGNEEADDRESS.LIST>     </GSTEWAYCONSIGNEEADDRESS.LIST>
     <TEMPGSTRATEDETAILS.LIST>     </TEMPGSTRATEDETAILS.LIST>
    </VOUCHER>
   </TALLYMESSAGE>
   <TALLYMESSAGE xmlns:UDF="TallyUDF">
    <COMPANY>
     <REMOTECMPINFO.LIST MERGE="Yes">
      <NAME>15d429f0-1c64-4832-a94b-8416a38d8cd3</NAME>
      <REMOTECMPNAME>Test1 Company</REMOTECMPNAME>
      <REMOTECMPSTATE>Bihar</REMOTECMPSTATE>
     </REMOTECMPINFO.LIST>
     <REMOTECMPINFO.LIST MERGE="Yes">
      <NAME>46bb84ce-0599-4c46-9798-fd02a9127f71</NAME>
      <REMOTECMPNAME>Test1 Company</REMOTECMPNAME>
      <REMOTECMPSTATE>Bihar</REMOTECMPSTATE>
     </REMOTECMPINFO.LIST>
    </COMPANY>
   </TALLYMESSAGE>
  </DATA>
 </BODY>
</ENVELOPE>
